=LDR  00766nas  2200253uu 4500
=000  00568cam\a22001693a\4500
=001  6001
=003  PGUSA
=005  20161217030036.0
=008  040701s2004||||xxu|||||s|||||000\1\eng\d
=040  \\ $a PGUSA $b eng
=042  \\ $a dc
=050  \4$aPS
=050  \4$aPZ
=100  1\ $a Roy, Lillian Elizabeth, $d 1868-1932
=245  10 $a Polly of Pebbly Pit $h [electronic resource] / $c Lillian Elizabeth Roy
=260  \\ $b Project Gutenberg, $c 2004
=506  \\ $a Public domain in the USA.
=516  \\ $a Text
=653  \\ $a Girls -- Juvenile fiction
=653  \\ $a Colorado -- Juvenile fiction
=653  \\ $a Ranch life -- Juvenile fiction
=830  \0 $a Project Gutenberg $v 6001
=856  40 $u http://www.gutenberg.org/ebooks/6001

