=LDR  00694nas  2200229uu 4500
=000  00568cam\a22001693a\4500
=001  6002
=003  PGUSA
=005  20161217030036.0
=008  040701s2004||||xxu|||||s|||||000\1\eng\d
=040  \\ $a PGUSA $b eng
=042  \\ $a dc
=050  \4$aPS
=100  1\ $a Van Slyke, Lucille, $d 1880-
=245  10 $a Little Miss By-The-Day $h [electronic resource] / $c Lucille Van Slyke
=260  \\ $b Project Gutenberg, $c 2004
=506  \\ $a Public domain in the USA.
=516  \\ $a Text
=653  \\ $a Brooklyn (New York, N.Y.) -- Fiction
=653  \\ $a Young women -- Fiction
=830  \0 $a Project Gutenberg $v 6002
=856  40 $u http://www.gutenberg.org/ebooks/6002

