=LDR  00665nas  2200229uu 4500
=000  00568cam\a22001693a\4500
=001  6003
=003  PGUSA
=005  20161217030036.0
=008  040701s2004||||xxu|||||s|||||000\|\eng\d
=040  \\ $a PGUSA $b eng
=042  \\ $a dc
=050  \4$aPA
=100  1\ $a Clarke, Michael, $d -1916
=245  10 $a Story of Aeneas $h [electronic resource] / $c Michael Clarke
=260  \\ $b Project Gutenberg, $c 2004
=506  \\ $a Public domain in the USA.
=516  \\ $a Text
=653  \\ $a Virgil. Aeneis
=653  \\ $a Aeneas (Legendary character)
=830  \0 $a Project Gutenberg $v 6003
=856  40 $u http://www.gutenberg.org/ebooks/6003

