=LDR  01076nas  2200337uu 4500
=000  00568cam\a22001693a\4500
=001  6004
=003  PGUSA
=005  20161217030036.0
=008  040701s2004||||xxu|||||s|||||000\|\ger\d
=040  \\ $a PGUSA $b ger
=042  \\ $a dc
=050  \4$aPR
=100  1\ $a Shaw, Bernard, $d 1856-1950
=240  10 $a Arms and the man. $l German
=245  10 $a Helden $h [electronic resource] / $c Bernard Shaw
=260  \\ $b Project Gutenberg, $c 2004
=500  \\ $a Translation of: Arms and the man.
=506  \\ $a Public domain in the USA.
=516  \\ $a Text
=653  \\ $a Love -- Drama
=653  \\ $a Serbo-Bulgarian War, 1885 -- Drama
=653  \\ $a Italians -- Bulgaria -- Drama
=653  \\ $a Man-woman relationships -- Drama
=653  \\ $a English drama -- Translations into German
=653  \\ $a Bulgaria -- Drama
=653  \\ $a War -- Drama
=653  \\ $a Soldiers -- Bulgaria -- Drama
=740  0\ $a Arms and the man. German
=830  \0 $a Project Gutenberg $v 6004
=856  40 $u http://www.gutenberg.org/ebooks/6004

