=LDR  00687nas  2200229uu 4500
=000  00568cam\a22001693a\4500
=001  6005
=003  PGUSA
=005  20161217030036.0
=008  040701s2004||||xxu|||||s|||||000\1\eng\d
=040  \\ $a PGUSA $b eng
=042  \\ $a dc
=050  \4$aPR
=100  1\ $a Moore, George Augustus, $d 1852-1933
=245  10 $a Celibates $h [electronic resource] / $c George Augustus Moore
=260  \\ $b Project Gutenberg, $c 2004
=505  0\ $a Mildred Lawson -- John Norton -- Agnes Lahens
=506  \\ $a Public domain in the USA.
=516  \\ $a Text
=653  \\ $a Fiction
=830  \0 $a Project Gutenberg $v 6005
=856  40 $u http://www.gutenberg.org/ebooks/6005

