=LDR  00695nas  2200217uu 4500
=000  00568cam\a22001693a\4500
=001  6006
=003  PGUSA
=005  20161217030036.0
=008  040701s2004||||xxu|||||s|||||000\1\eng\d
=040  \\ $a PGUSA $b eng
=042  \\ $a dc
=050  \4$aPR
=100  1\ $a Yonge, Charlotte M. $q (Charlotte Mary), $d 1823-1901
=245  10 $a Under the Storm $h [electronic resource] / $c Charlotte M. Yonge
=260  \\ $b Project Gutenberg, $c 2004
=506  \\ $a Public domain in the USA.
=516  \\ $a Text
=653  \\ $a Great Britain -- History -- Civil War, 1642-1649 -- Fiction
=830  \0 $a Project Gutenberg $v 6006
=856  40 $u http://www.gutenberg.org/ebooks/6006

