=LDR  01224nas  2200241uu 4500
=000  00568cam\a22001693a\4500
=001  6009
=003  PGUSA
=005  20161217030036.0
=008  040701s2004||||xxu|||||s|||||000\1\eng\d
=040  \\ $a PGUSA $b eng
=042  \\ $a dc
=050  \4$aPS
=100  1\ $a Van Dyke, Henry, $d 1852-1933
=245  14 $a The Valley of Vision : $b A Book of Romance and Some Half-Told Tales $h [electronic resource] / $c Henry Van Dyke
=260  \\ $b Project Gutenberg, $c 2004
=505  0\ $a A remembered dream -- Antwerp road -- A city of refuge -- A sanctuary of trees -- The king’s high way -- Half-told tales: The traitor in the house. Justice of the elements. Ashes of vengenace -- The broken soldier and the maid of France -- The hearing ear -- Sketches of Quebec -- A classic instance -- Half-told tales: The new era and carry on. The primitive and his sandals. Diana and the lions -- The hero and tin soldiers -- Salvage Point -- The Boy of Nazareth dreams.
=506  \\ $a Public domain in the USA.
=516  \\ $a Text
=653  \\ $a Religious fiction, American
=653  \\ $a Short stories, American
=830  \0 $a Project Gutenberg $v 6009
=856  40 $u http://www.gutenberg.org/ebooks/6009

