=LDR  00639nas  2200217uu 4500
=000  00568cam\a22001693a\4500
=001  6010
=003  PGUSA
=005  20161217030036.0
=008  040701s2004||||xxu|||||s|||||000\|\eng\d
=040  \\ $a PGUSA $b eng
=042  \\ $a dc
=050  \4$aPR
=100  1\ $a Allen, Grant, $d 1848-1899
=245  10 $a What's Bred in the Bone $h [electronic resource] / $c Grant Allen
=260  \\ $b Project Gutenberg, $c 2004
=506  \\ $a Public domain in the USA.
=516  \\ $a Text
=653  \\ $a Detective and mystery stories
=830  \0 $a Project Gutenberg $v 6010
=856  40 $u http://www.gutenberg.org/ebooks/6010

