=LDR  00686nas  2200217uu 4500
=000  00568cam\a22001693a\4500
=001  6012
=003  PGUSA
=005  20161217030036.0
=008  040701s2004||||xxu|||||s|||||000\1\eng\d
=040  \\ $a PGUSA $b eng
=042  \\ $a dc
=050  \4$aPS
=100  1\ $a Simms, William Gilmore, $d 1806-1870
=245  10 $a Charlemont; Or, The Pride of the Village. a Tale of Kentucky $h [electronic resource] / $c William Gilmore Simms
=260  \\ $b Project Gutenberg, $c 2004
=506  \\ $a Public domain in the USA.
=516  \\ $a Text
=653  \\ $a Kentucky -- Fiction
=830  \0 $a Project Gutenberg $v 6012
=856  40 $u http://www.gutenberg.org/ebooks/6012

