=LDR  00829nas  2200265uu 4500
=000  00568cam\a22001693a\4500
=001  6015
=003  PGUSA
=005  20161217030036.0
=008  040701s2004||||xxu|||||s|||||000\1\eng\d
=040  \\ $a PGUSA $b eng
=042  \\ $a dc
=050  \4$aPS
=100  1\ $a Davis, Richard Harding, $d 1864-1916
=245  10 $a Captain Macklin : $b His Memoirs $h [electronic resource] / $c Richard Harding Davis
=260  \\ $b Project Gutenberg, $c 2004
=506  \\ $a Public domain in the USA.
=516  \\ $a Text
=653  \\ $a Central America -- Fiction
=653  \\ $a War stories
=653  \\ $a Soldiers -- Fiction
=653  \\ $a Adventure stories
=653  \\ $a United States Military Academy -- Fiction
=830  \0 $a Project Gutenberg $v 6015
=856  40 $u http://www.gutenberg.org/ebooks/6015

