=LDR  01202nas  2200289uu 4500
=000  00568cam\a22001693a\4500
=001  6016
=003  PGUSA
=005  20161217030036.0
=008  040701s2004||||xxu|||||s|||||000\1\eng\d
=040  \\ $a PGUSA $b eng
=042  \\ $a dc
=050  \4$aPS
=100  1\ $a Ferber, Edna, $d 1885-1968
=245  10 $a Roast Beef, Medium : $b The Business Adventures of Emma McChesney $h [electronic resource] / $c Edna Ferber
=260  \\ $b Project Gutenberg, $c 2004
=505  0\ $a Roast beef, medium -- Representing T. A. Buck -- Chickens -- His mother's son -- Pink tights and ginghams -- Simply skirts -- Underneath the high-cut vest -- Catching up with Christmas -- Knee-deep in knickers -- In the absence of the agent.
=506  \\ $a Public domain in the USA.
=516  \\ $a Text
=653  \\ $a McChesney, Emma (Fictitious character) -- Fiction
=653  \\ $a Adventure stories, American
=653  \\ $a Mothers and sons -- Fiction
=653  \\ $a Women sales personnel -- Fiction
=653  \\ $a Businesswomen -- Fiction
=653  \\ $a Traveling sales personnel -- Fiction
=830  \0 $a Project Gutenberg $v 6016
=856  40 $u http://www.gutenberg.org/ebooks/6016

