=LDR  00956nas  2200253uu 4500
=000  00568cam\a22001693a\4500
=001  6018
=003  PGUSA
=005  20161217030036.0
=008  040701s2004||||xxu|||||s|||||000\|\eng\d
=040  \\ $a PGUSA $b eng
=042  \\ $a dc
=050  \4$aDA
=100  1\ $a Boswell, James, $d 1740-1795
=245  14 $a The Journal of a Tour to the Hebrides with Samuel Johnson, LL.D. $h [electronic resource] / $c James Boswell
=260  \\ $b Project Gutenberg, $c 2004
=506  \\ $a Public domain in the USA.
=516  \\ $a Text
=653  \\ $a Scotland -- Description and travel -- Early works to 1800
=653  \\ $a Boswell, James, 1740-1795 -- Travel -- Scotland -- Hebrides
=653  \\ $a Hebrides (Scotland) -- Description and travel -- Early works to 1800
=653  \\ $a Johnson, Samuel, 1709-1784 -- Travel -- Scotland -- Hebrides
=830  \0 $a Project Gutenberg $v 6018
=856  40 $u http://www.gutenberg.org/ebooks/6018

