=LDR  00810nas  2200253uu 4500
=000  00568cam\a22001693a\4500
=001  6019
=003  PGUSA
=005  20161217030036.0
=008  040701s2004||||xxu|||||s|||||000\|\eng\d
=040  \\ $a PGUSA $b eng
=042  \\ $a dc
=050  \4$aGF
=100  1\ $a Marsh, George P. $q (George Perkins), $d 1801-1882
=245  14 $a The Earth as Modified by Human Action $h [electronic resource] / $c George P. Marsh
=260  \\ $b Project Gutenberg, $c 2004
=506  \\ $a Public domain in the USA.
=516  \\ $a Text
=653  \\ $a Physical geography
=653  \\ $a Nature -- Effect of human beings on
=653  \\ $a Conservation of natural resources
=653  \\ $a Human geography
=830  \0 $a Project Gutenberg $v 6019
=856  40 $u http://www.gutenberg.org/ebooks/6019

