=LDR  00867nas  2200241uu 4500
=000  00568cam\a22001693a\4500
=001  6020
=003  PGUSA
=005  20161217030036.0
=008  040701s2004||||xxu|||||s|||||000\1\eng\d
=040  \\ $a PGUSA $b eng
=042  \\ $a dc
=050  \4$aPS
=100  1\ $a Kyne, Peter B. $q (Peter Bernard), $d 1880-1957
=245  10 $a Cappy Ricks Retires : $b But That Doesn't Keep Him from Coming Back Stronger Than Ever $h [electronic resource] / $c Peter B. Kyne
=260  \\ $b Project Gutenberg, $c 2004
=506  \\ $a Public domain in the USA.
=516  \\ $a Text
=653  \\ $a Shipping companies (Marine transportation) -- Fiction
=653  \\ $a San Francisco (Calif.) -- Fiction
=653  \\ $a Lumber trade -- Pacific Coast (U.S.) -- Fiction
=830  \0 $a Project Gutenberg $v 6020
=856  40 $u http://www.gutenberg.org/ebooks/6020

