=LDR  00724nas  2200229uu 4500
=000  00568cam\a22001693a\4500
=001  6021
=003  PGUSA
=005  20161217030036.0
=008  040701s2004||||xxu|||||s|||||000\1\eng\d
=040  \\ $a PGUSA $b eng
=042  \\ $a dc
=050  \4$aPR
=100  1\ $a Blackwood, Algernon, $d 1869-1951
=245  12 $a A Prisoner in Fairyland (The Book That 'Uncle Paul' Wrote) $h [electronic resource] / $c Algernon Blackwood
=260  \\ $b Project Gutenberg, $c 2004
=506  \\ $a Public domain in the USA.
=516  \\ $a Text
=653  \\ $a Magic -- Fiction
=653  \\ $a Voyages and travels -- Fiction
=830  \0 $a Project Gutenberg $v 6021
=856  40 $u http://www.gutenberg.org/ebooks/6021

