=LDR  00824nas  2200217uu 4500
=000  00568cam\a22001693a\4500
=001  6022
=003  PGUSA
=005  20161217030036.0
=008  040701s2004||||xxu|||||s|||||000\|\eng\d
=040  \\ $a PGUSA $b eng
=042  \\ $a dc
=050  \4$aPT
=245  10 $a Stories by Foreign Authors : $b German — Volume 2 $h [electronic resource]
=260  \\ $b Project Gutenberg, $c 2004
=505  0\ $a Christian Gellert's Last Christmas, by Berthold Auerbach -- A Ghetto Violet, by Leopold Kompert -- The Severed Hand, by Wilhelm Hauff -- Peter Schlemihl, by Adelbert Von Chamisso.
=506  \\ $a Public domain in the USA.
=516  \\ $a Text
=653  \\ $a Short stories, German -- Translations into English
=830  \0 $a Project Gutenberg $v 6022
=856  40 $u http://www.gutenberg.org/ebooks/6022

