=LDR  00633nas  2200217uu 4500
=000  00568cam\a22001693a\4500
=001  6023
=003  PGUSA
=005  20161217030036.0
=008  040701s2004||||xxu|||||s|||||000\1\eng\d
=040  \\ $a PGUSA $b eng
=042  \\ $a dc
=050  \4$aPR
=100  1\ $a White, William Hale, $d 1831-1913
=245  10 $a Catharine Furze $h [electronic resource] / $c William Hale White
=260  \\ $b Project Gutenberg, $c 2004
=506  \\ $a Public domain in the USA.
=516  \\ $a Text
=653  \\ $a Religious fiction
=830  \0 $a Project Gutenberg $v 6023
=856  40 $u http://www.gutenberg.org/ebooks/6023

