=LDR  00899nas  2200277uu 4500
=000  00568cam\a22001693a\4500
=001  6024
=003  PGUSA
=005  20161217030036.0
=008  040701s2004||||xxu|||||s|||||000\|\eng\d
=040  \\ $a PGUSA $b eng
=042  \\ $a dc
=050  \4$aPR
=100  1\ $a Swinburne, Algernon Charles, $d 1837-1909
=245  14 $a The Duke of Gandia $h [electronic resource] / $c Algernon Charles Swinburne
=260  \\ $b Project Gutenberg, $c 2004
=506  \\ $a Public domain in the USA.
=516  \\ $a Text
=653  \\ $a Borgia, Lucrezia, 1480-1519 -- Drama
=653  \\ $a English drama
=653  \\ $a Borgia family -- Drama
=653  \\ $a Italy -- History -- Drama
=653  \\ $a Alexander VI, Pope, 1431-1503 -- Drama
=653  \\ $a Borgia, Cesare, 1476?-1507 -- Drama
=830  \0 $a Project Gutenberg $v 6024
=856  40 $u http://www.gutenberg.org/ebooks/6024

