=LDR  00841nas  2200241uu 4500
=000  00568cam\a22001693a\4500
=001  6026
=003  PGUSA
=005  20161217030036.0
=008  040701s2004||||xxu|||||s|||||000\|\eng\d
=040  \\ $a PGUSA $b eng
=042  \\ $a dc
=050  \4$aF1001
=100  1\ $a Wood, William Charles Henry, $d 1864-1947
=245  14 $a The Great Fortress : $b A chronicle of Louisbourg 1720-1760 $h [electronic resource] / $c William Charles Henry Wood
=260  \\ $b Project Gutenberg, $c 2004
=500  \\ $a Chronicles of Canada series: Volume 08
=506  \\ $a Public domain in the USA.
=516  \\ $a Text
=653  \\ $a Louisbourg (N.S.) -- History -- Siege, 1745
=653  \\ $a Louisbourg (N.S.) -- History -- Siege, 1758
=830  \0 $a Project Gutenberg $v 6026
=856  40 $u http://www.gutenberg.org/ebooks/6026

