=LDR  00718nas  2200241uu 4500
=000  00568cam\a22001693a\4500
=001  6027
=003  PGUSA
=005  20161217030036.0
=008  040701s2004||||xxu|||||s|||||000\1\eng\d
=040  \\ $a PGUSA $b eng
=042  \\ $a dc
=050  \4$aPS
=050  \4$aPZ
=100  1\ $a Burnett, Frances Hodgson, $d 1849-1924
=245  10 $a In the Closed Room $h [electronic resource] / $c Frances Hodgson Burnett
=260  \\ $b Project Gutenberg, $c 2004
=506  \\ $a Public domain in the USA.
=516  \\ $a Text
=653  \\ $a Ghosts -- Juvenile fiction
=653  \\ $a Girls -- Juvenile fiction
=830  \0 $a Project Gutenberg $v 6027
=856  40 $u http://www.gutenberg.org/ebooks/6027

