=LDR  00724nas  2200241uu 4500
=000  00568cam\a22001693a\4500
=001  6029
=003  PGUSA
=005  20161217030036.0
=008  040701s2004||||xxu|||||s|||||000\1\eng\d
=040  \\ $a PGUSA $b eng
=042  \\ $a dc
=050  \4$aPR
=100  1\ $a Moore, George Augustus, $d 1852-1933
=245  10 $a Spring Days $h [electronic resource] / $c George Augustus Moore
=260  \\ $b Project Gutenberg, $c 2004
=506  \\ $a Public domain in the USA.
=516  \\ $a Text
=653  \\ $a England -- Fiction
=653  \\ $a Sisters -- Fiction
=653  \\ $a Fathers and daughters -- Fiction
=830  \0 $a Project Gutenberg $v 6029
=856  40 $u http://www.gutenberg.org/ebooks/6029

