=LDR  00728nas  2200217uu 4500
=000  00568cam\a22001693a\4500
=001  6030
=003  PGUSA
=005  20161217030036.0
=008  040701s2004||||xxu|||||s|||||000\1\eng\d
=040  \\ $a PGUSA $b eng
=042  \\ $a dc
=050  \4$aPZ
=100  1\ $a True, John Preston, $d 1859-1933
=245  14 $a The Iron Star — And What It Saw on Its Journey Through the Ages : $b $b From Myth to History $h [electronic resource] / $c John Preston True
=260  \\ $b Project Gutenberg, $c 2004
=506  \\ $a Public domain in the USA.
=516  \\ $a Text
=653  \\ $a Iron -- History -- Juvenile fiction
=830  \0 $a Project Gutenberg $v 6030
=856  40 $u http://www.gutenberg.org/ebooks/6030

