=LDR  00706nas  2200229uu 4500
=000  00568cam\a22001693a\4500
=001  6031
=003  PGUSA
=005  20161217030036.0
=008  040701s2004||||xxu|||||s|||||000\|\eng\d
=040  \\ $a PGUSA $b eng
=042  \\ $a dc
=050  \4$aDG
=100  1\ $a Gibbon, Edward, $d 1737-1794
=245  10 $a Memoirs of My Life and Writings $h [electronic resource] / $c Edward Gibbon
=260  \\ $b Project Gutenberg, $c 2004
=506  \\ $a Public domain in the USA.
=516  \\ $a Text
=653  \\ $a Gibbon, Edward, 1737-1794
=653  \\ $a Historians -- Great Britain -- Biography
=830  \0 $a Project Gutenberg $v 6031
=856  40 $u http://www.gutenberg.org/ebooks/6031

