=LDR  00921nas  2200265uu 4500
=000  00568cam\a22001693a\4500
=001  6032
=003  PGUSA
=005  20161217030036.0
=008  040701s2004||||xxu|||||s|||||000\|\eng\d
=040  \\ $a PGUSA $b eng
=042  \\ $a dc
=050  \4$aD
=100  1\ $a Villehardouin, Geoffroi de, $d 1150-1212
=245  10 $a Memoirs or Chronicle of the Fourth Crusade and the Conquest of Constantinople $h [electronic resource] / $c Geoffroi de Villehardouin
=260  \\ $b Project Gutenberg, $c 2004
=506  \\ $a Public domain in the USA.
=516  \\ $a Text
=653  \\ $a Venice (Italy) -- History -- 697-1508
=653  \\ $a Byzantine Empire -- History -- To 527
=653  \\ $a Crusades -- Fourth, 1202-1204
=653  \\ $a Istanbul (Turkey) -- History
=653  \\ $a Latin Empire, 1204-1261
=830  \0 $a Project Gutenberg $v 6032
=856  40 $u http://www.gutenberg.org/ebooks/6032

