=LDR  00649nas  2200217uu 4500
=000  00568cam\a22001693a\4500
=001  6033
=003  PGUSA
=005  20161217030036.0
=008  040701s2004||||xxu|||||s|||||000\|\eng\d
=040  \\ $a PGUSA $b eng
=042  \\ $a dc
=050  \4$aPQ
=100  1\ $a Balzac, Honoré de, $d 1799-1850
=245  10 $a Petty Troubles of Married Life, First Part $h [electronic resource] / $c Honoré de Balzac
=260  \\ $b Project Gutenberg, $c 2004
=506  \\ $a Public domain in the USA.
=516  \\ $a Text
=653  \\ $a Marriage
=830  \0 $a Project Gutenberg $v 6033
=856  40 $u http://www.gutenberg.org/ebooks/6033

