=LDR  00632nas  2200217uu 4500
=000  00568cam\a22001693a\4500
=001  6034
=003  PGUSA
=005  20161217030036.0
=008  040701s2004||||xxu|||||s|||||000\p\eng\d
=040  \\ $a PGUSA $b eng
=042  \\ $a dc
=050  \4$aPS
=100  1\ $a Dom
=245  10 $a Rhyme and Reason Volume Two $h [electronic resource] / $c Dom
=260  \\ $b Project Gutenberg, $c 2004
=506  \\ $a Copyrighted. Read the copyright notice inside this book for details.
=516  \\ $a Text
=653  \\ $a Poetry
=830  \0 $a Project Gutenberg $v 6034
=856  40 $u http://www.gutenberg.org/ebooks/6034

