=LDR  00750nas  2200229uu 4500
=000  00568cam\a22001693a\4500
=001  6035
=003  PGUSA
=005  20161217030036.0
=008  040701s2004||||xxu|||||s|||||000\|\eng\d
=040  \\ $a PGUSA $b eng
=042  \\ $a dc
=050  \4$aPQ
=100  1\ $a Destouches, Néricault, $d 1680-1754
=245  14 $a The Triple Marriage $h [electronic resource] / $c Néricault Destouches
=260  \\ $b Project Gutenberg, $c 2004
=506  \\ $a Copyrighted. Read the copyright notice inside this book for details.
=516  \\ $a Text
=653  \\ $a French drama -- Translations into English
=653  \\ $a French drama (Comedy)
=830  \0 $a Project Gutenberg $v 6035
=856  40 $u http://www.gutenberg.org/ebooks/6035

