=LDR  00738nas  2200229uu 4500
=000  00568cam\a22001693a\4500
=001  6036
=003  PGUSA
=005  20161217030036.0
=008  040701s2004||||xxu|||||s|||||000\p\eng\d
=040  \\ $a PGUSA $b eng
=042  \\ $a dc
=050  \4$aPR
=100  1\ $a Burton, Richard Francis, $c Sir, $d 1821-1890
=245  14 $a The Kasîdah of Hâjî Abdû El-Yezdî $h [electronic resource] / $c Richard Francis, Burton
=260  \\ $b Project Gutenberg, $c 2004
=506  \\ $a Public domain in the USA.
=516  \\ $a Text
=653  \\ $a English poetry -- 19th century
=740  0\ $a The Kadisah of Haji Abdu El-Yezdi
=830  \0 $a Project Gutenberg $v 6036
=856  40 $u http://www.gutenberg.org/ebooks/6036

