=LDR  00684nas  2200229uu 4500
=000  00568cam\a22001693a\4500
=001  6037
=003  PGUSA
=005  20161217030036.0
=008  040701s2004||||xxu|||||s|||||000\1\eng\d
=040  \\ $a PGUSA $b eng
=042  \\ $a dc
=050  \4$aPS
=100  1\ $a Dixon, Thomas, $d 1864-1946
=245  14 $a The One Woman : $b A Story of Modern Utopia $h [electronic resource] / $c Thomas Dixon
=260  \\ $b Project Gutenberg, $c 2004
=506  \\ $a Public domain in the USA.
=516  \\ $a Text
=653  \\ $a Utopias -- Fiction
=653  \\ $a Utopian fiction
=830  \0 $a Project Gutenberg $v 6037
=856  40 $u http://www.gutenberg.org/ebooks/6037

