=LDR  01005nas  2200241uu 4500
=000  00568cam\a22001693a\4500
=001  6038
=003  PGUSA
=005  20161217030036.0
=008  040701s2004||||xxu|||||s|||||000\|\eng\d
=040  \\ $a PGUSA $b eng
=042  \\ $a dc
=050  \4$aBT
=100  1\ $a Evans, William, $d 1870-1950
=245  14 $a The Great Doctrines of the Bible $h [electronic resource] / $c William Evans
=260  \\ $b Project Gutenberg, $c 2004
=505  0\ $a The doctrine of God -- The doctrine of Jesus Christ -- The doctrine of the Holy Spirit -- The doctrine of man -- The doctrines of salvation -- The doctrine of the church -- The doctrine of the scriptures -- The doctrine of angels -- The doctrine of Satan -- The doctrines of the last things.
=506  \\ $a Public domain in the USA.
=516  \\ $a Text
=653  \\ $a Bible -- Theology
=653  \\ $a Theology, Doctrinal -- Popular works
=830  \0 $a Project Gutenberg $v 6038
=856  40 $u http://www.gutenberg.org/ebooks/6038

