=LDR  00988nas  2200241uu 4500
=000  00568cam\a22001693a\4500
=001  6039
=003  PGUSA
=005  20161217030036.0
=008  040701s2004||||xxu|||||s|||||000\1\eng\d
=040  \\ $a PGUSA $b eng
=042  \\ $a dc
=050  \4$aPR
=245  10 $a Stories by English Authors : $b England $h [electronic resource]
=260  \\ $b Project Gutenberg, $c 2004
=505  0\ $a The box tunnel / Charles Reade -- Minions of the moon / F. W. Robinson -- The four-fifteen express / Amelia B. Edwards -- The wrong black bag / Angelo Lewis -- The three strangers / Thomas Hardy -- Mr. Lismore and the widow / Wilkie Collins -- The philosopher in the apple orchard / Anthony Hope.
=506  \\ $a Public domain in the USA.
=516  \\ $a Text
=653  \\ $a Short stories, English
=653  \\ $a England -- Fiction
=653  \\ $a English fiction -- 19th century
=830  \0 $a Project Gutenberg $v 6039
=856  40 $u http://www.gutenberg.org/ebooks/6039

