=LDR  00888nas  2200241uu 4500
=000  00568cam\a22001693a\4500
=001  6040
=003  PGUSA
=005  20161217030036.0
=008  040701s2004||||xxu|||||s|||||000\1\eng\d
=040  \\ $a PGUSA $b eng
=042  \\ $a dc
=050  \4$aPR
=245  10 $a Stories by English Authors : $b Ireland $h [electronic resource]
=260  \\ $b Project Gutenberg, $c 2004
=505  0\ $a The gridiron / Samuel Lover -- The emergency men / George H. Jessop -- A lost recruit / Jane Barlow -- The rival dreamers / John Banim -- Neal Malone / William Carleton -- The banshee / Anonymous.
=506  \\ $a Public domain in the USA.
=516  \\ $a Text
=653  \\ $a English fiction -- 19th century
=653  \\ $a Short stories, English
=653  \\ $a Ireland -- Fiction
=830  \0 $a Project Gutenberg $v 6040
=856  40 $u http://www.gutenberg.org/ebooks/6040

