=LDR  00963nas  2200229uu 4500
=000  00568cam\a22001693a\4500
=001  6041
=003  PGUSA
=005  20161217030036.0
=008  040701s2004||||xxu|||||s|||||000\1\eng\d
=040  \\ $a PGUSA $b eng
=042  \\ $a dc
=050  \4$aPR
=245  10 $a Stories by English Authors : $b The Sea $h [electronic resource]
=260  \\ $b Project Gutenberg, $c 2004
=505  0\ $a The extraordinary adventure of a chief mate / W. Clark Russell -- Quarantine Island / Sir Walter Besant -- The rock scorpions / Anonymous -- The master of the "Chrysolite" / G.B. O'Halloran -- "Petrel" and "The Black Swan" / Anonymous -- Melissa's tour / Grant Allen -- Vanderdecken's message home / Anonymous.
=506  \\ $a Public domain in the USA.
=516  \\ $a Text
=653  \\ $a Sea stories, English
=653  \\ $a English fiction -- 19th century
=830  \0 $a Project Gutenberg $v 6041
=856  40 $u http://www.gutenberg.org/ebooks/6041

