=LDR  01172nas  2200301uu 4500
=000  00568cam\a22001693a\4500
=001  6042
=003  PGUSA
=005  20161217030036.0
=008  040701s2004||||xxu|||||s|||||000\|\eng\d
=040  \\ $a PGUSA $b eng
=042  \\ $a dc
=050  \4$aPR
=100  1\ $a Burney, Fanny, $d 1752-1840
=245  14 $a The Diary and Letters of Madame D'Arblay — Volume 2 $h [electronic resource] / $c Fanny Burney
=260  \\ $b Project Gutenberg, $c 2004
=506  \\ $a Public domain in the USA.
=516  \\ $a Text
=653  \\ $a Burney, Fanny, 1752-1840 -- Correspondence
=653  \\ $a Novelists, English -- 19th century -- Correspondence
=653  \\ $a Burney, Fanny, 1752-1840 -- Diaries
=653  \\ $a Novelists, English -- 18th century -- Correspondence
=653  \\ $a Great Britain -- Court and courtiers -- History -- 18th century
=653  \\ $a Novelists, English -- 18th century -- Diaries
=653  \\ $a Great Britain -- Court and courtiers -- History -- 19th century
=653  \\ $a Novelists, English -- 19th century -- Diaries
=830  \0 $a Project Gutenberg $v 6042
=856  40 $u http://www.gutenberg.org/ebooks/6042

