=LDR  00646nas  2200229uu 4500
=000  00568cam\a22001693a\4500
=001  6043
=003  PGUSA
=005  20161217030036.0
=008  040701s2004||||xxu|||||s|||||000\|\eng\d
=040  \\ $a PGUSA $b eng
=042  \\ $a dc
=050  \4$aPR
=100  1\ $a Kyd, Thomas, $d 1558-1594
=245  14 $a The Spanish Tragedie $h [electronic resource] / $c Thomas Kyd
=260  \\ $b Project Gutenberg, $c 2004
=506  \\ $a Public domain in the USA.
=516  \\ $a Text
=653  \\ $a English drama
=653  \\ $a Tragedies
=830  \0 $a Project Gutenberg $v 6043
=856  40 $u http://www.gutenberg.org/ebooks/6043

