=LDR  00754nas  2200241uu 4500
=000  00568cam\a22001693a\4500
=001  6045
=003  PGUSA
=005  20161217030036.0
=008  040701s2004||||xxu|||||s|||||000\1\eng\d
=040  \\ $a PGUSA $b eng
=042  \\ $a dc
=050  \4$aPS
=100  1\ $a McCutcheon, George Barr, $d 1866-1928
=245  14 $a The Hollow of Her Hand $h [electronic resource] / $c George Barr McCutcheon
=260  \\ $b Project Gutenberg, $c 2004
=506  \\ $a Public domain in the USA.
=516  \\ $a Text
=653  \\ $a Murder -- Fiction
=653  \\ $a Mystery fiction
=653  \\ $a New York (N.Y.) -- Social life and customs -- Fiction
=830  \0 $a Project Gutenberg $v 6045
=856  40 $u http://www.gutenberg.org/ebooks/6045

