=LDR  00890nas  2200265uu 4500
=000  00568cam\a22001693a\4500
=001  6049
=003  PGUSA
=005  20161217030036.0
=008  040701s2004||||xxu|||||s|||||000\|\eng\d
=040  \\ $a PGUSA $b eng
=042  \\ $a dc
=050  \4$aBR
=100  1\ $a Bunyan, John, $d 1628-1688
=245  10 $a Works of John Bunyan — Complete $h [electronic resource] / $c John Bunyan
=260  \\ $b Project Gutenberg, $c 2004
=506  \\ $a Public domain in the USA.
=516  \\ $a Text
=653  \\ $a Puritans -- England -- Biography
=653  \\ $a Christian literature, English
=653  \\ $a Christian literature, English -- History and criticism
=653  \\ $a Authors, English -- Early modern, 1500-1700 -- Biography
=653  \\ $a Bunyan, John, 1628-1688
=830  \0 $a Project Gutenberg $v 6049
=856  40 $u http://www.gutenberg.org/ebooks/6049

