=LDR  00777nas  2200217uu 4500
=000  00568cam\a22001693a\4500
=001  6050
=003  PGUSA
=005  20161217030036.0
=008  040701s2004||||xxu|||||s|||||000\1\eng\d
=040  \\ $a PGUSA $b eng
=042  \\ $a dc
=050  \4$aPR
=100  1\ $a Morris, William, $d 1834-1896
=245  14 $a The Roots of the Mountains : $b $b Wherein Is Told Somewhat of the Lives of the Men of Burgdale, Their Friends, Their Neighbours, Their Foemen, and Their Fellows in Arms $h [electronic resource] / $c William Morris
=260  \\ $b Project Gutenberg, $c 2004
=506  \\ $a Public domain in the USA.
=516  \\ $a Text
=653  \\ $a Fantasy fiction
=830  \0 $a Project Gutenberg $v 6050
=856  40 $u http://www.gutenberg.org/ebooks/6050

