=LDR  00822nas  2200253uu 4500
=000  00568cam\a22001693a\4500
=001  6051
=003  PGUSA
=005  20161217030036.0
=008  060422s2006||||xxu|||||s|||||000\1\eng\d
=040  \\ $a PGUSA $b eng
=042  \\ $a dc
=050  \4$aPR
=100  1\ $a Haggard, H. Rider $q (Henry Rider), $d 1856-1925
=245  10 $a Stella Fregelius : $b A Tale of Three Destinies $h [electronic resource] / $c H. Rider Haggard
=260  \\ $b Project Gutenberg, $c 2006
=506  \\ $a Public domain in the USA.
=516  \\ $a Text
=653  \\ $a Fantasy fiction
=653  \\ $a Triangles (Interpersonal relations) -- Fiction
=653  \\ $a Spiritualism -- Fiction
=653  \\ $a Inventors -- Fiction
=830  \0 $a Project Gutenberg $v 6051
=856  40 $u http://www.gutenberg.org/ebooks/6051

