=LDR  00712nas  2200217uu 4500
=000  00568cam\a22001693a\4500
=001  6052
=003  PGUSA
=005  20161217030036.0
=008  040701s2004||||xxu|||||s|||||000\|\eng\d
=040  \\ $a PGUSA $b eng
=042  \\ $a dc
=050  \4$aQL
=100  1\ $a Hornaday, William T. $q (William Temple), $d 1854-1937
=245  14 $a The Minds and Manners of Wild Animals : $b A Book of Personal Observations $h [electronic resource] / $c William T. Hornaday
=260  \\ $b Project Gutenberg, $c 2004
=506  \\ $a Public domain in the USA.
=516  \\ $a Text
=653  \\ $a Animal behavior
=830  \0 $a Project Gutenberg $v 6052
=856  40 $u http://www.gutenberg.org/ebooks/6052

