=LDR  00964nas  2200313uu 4500
=000  00568cam\a22001693a\4500
=001  6053
=003  PGUSA
=005  20161217030036.0
=008  040701s2004||||xxu|||||s|||||000\1\eng\d
=040  \\ $a PGUSA $b eng
=042  \\ $a dc
=050  \4$aPR
=100  1\ $a Burney, Fanny, $d 1752-1840
=245  10 $a Evelina, Or, the History of a Young Lady's Entrance into the World $h [electronic resource] / $c Fanny Burney
=260  \\ $b Project Gutenberg, $c 2004
=506  \\ $a Public domain in the USA.
=516  \\ $a Text
=653  \\ $a Satire
=653  \\ $a Humorous stories
=653  \\ $a Epistolary fiction
=653  \\ $a Bildungsromans
=653  \\ $a Love stories
=653  \\ $a London (England) -- Fiction
=653  \\ $a Young women -- Fiction
=653  \\ $a Socialites -- Fiction
=653  \\ $a Debutantes -- Fiction
=830  \0 $a Project Gutenberg $v 6053
=856  40 $u http://www.gutenberg.org/ebooks/6053

