=LDR  00698nas  2200229uu 4500
=000  00568cam\a22001693a\4500
=001  6054
=003  PGUSA
=005  20161217030036.0
=008  040701s2004||||xxu|||||s|||||000\|\eng\d
=040  \\ $a PGUSA $b eng
=042  \\ $a dc
=050  \4$aPR
=100  1\ $a Jerrold, Douglas William, $d 1803-1857
=245  10 $a Mrs. Caudle's Curtain Lectures $h [electronic resource] / $c Douglas William Jerrold
=260  \\ $b Project Gutenberg, $c 2004
=506  \\ $a Public domain in the USA.
=516  \\ $a Text
=653  \\ $a English wit and humor
=653  \\ $a Marriage -- Humor
=830  \0 $a Project Gutenberg $v 6054
=856  40 $u http://www.gutenberg.org/ebooks/6054

