=LDR  00776nas  2200253uu 4500
=000  00568cam\a22001693a\4500
=001  6056
=003  PGUSA
=005  20161217030036.0
=008  040701s2004||||xxu|||||s|||||000\1\eng\d
=040  \\ $a PGUSA $b eng
=042  \\ $a dc
=050  \4$aPS
=100  1\ $a Harben, Will N. $q (Will Nathaniel), $d 1858-1919
=245  14 $a The Desired Woman $h [electronic resource] / $c Will N. Harben
=260  \\ $b Project Gutenberg, $c 2004
=506  \\ $a Public domain in the USA.
=516  \\ $a Text
=653  \\ $a Man-woman relationships -- Fiction
=653  \\ $a Georgia -- Fiction
=653  \\ $a Teachers -- Fiction
=653  \\ $a Bankers -- Fiction
=830  \0 $a Project Gutenberg $v 6056
=856  40 $u http://www.gutenberg.org/ebooks/6056

