=LDR  00900nas  2200265uu 4500
=000  00568cam\a22001693a\4500
=001  6058
=003  PGUSA
=005  20161217030036.0
=008  040701s2004||||xxu|||||s|||||000\1\eng\d
=040  \\ $a PGUSA $b eng
=042  \\ $a dc
=050  \4$aPS
=100  1\ $a Tourgée, Albion Winegar, $d 1838-1905
=245  10 $a Bricks Without Straw : $b A Novel $h [electronic resource] / $c Albion Winegar Tourgée
=260  \\ $b Project Gutenberg, $c 2004
=506  \\ $a Public domain in the USA.
=516  \\ $a Text
=653  \\ $a Freedmen -- Southern States -- Fiction
=653  \\ $a African Americans -- Southern States -- Fiction
=653  \\ $a Southern States -- Fiction
=653  \\ $a Historical fiction
=653  \\ $a Reconstruction (U.S. history, 1865-1877) -- Fiction
=830  \0 $a Project Gutenberg $v 6058
=856  40 $u http://www.gutenberg.org/ebooks/6058

