=LDR  00794nas  2200229uu 4500
=000  00568cam\a22001693a\4500
=001  6061
=003  PGUSA
=005  20161217030036.0
=008  040701s2004||||xxu|||||s|||||000\p\eng\d
=040  \\ $a PGUSA $b eng
=042  \\ $a dc
=050  \4$aPR
=100  1\ $a Scott, Walter, $d 1771-1832
=245  10 $a Some Poems $h [electronic resource] / $c Walter Scott
=260  \\ $b Project Gutenberg, $c 2004
=505  0\ $a Introduction by Henry Morley -- The Vision of Don Roderick -- The Field of Waterloo -- The Dance of Death -- Romance of Dunois -- The Troubadour -- Pibroch of Donald Dhu.
=506  \\ $a Public domain in the USA.
=516  \\ $a Text
=653  \\ $a Poetry
=830  \0 $a Project Gutenberg $v 6061
=856  40 $u http://www.gutenberg.org/ebooks/6061

