=LDR  00699nas  2200229uu 4500
=000  00568cam\a22001693a\4500
=001  6062
=003  PGUSA
=005  20161217030036.0
=008  040701s2004||||xxu|||||s|||||000\p\eng\d
=040  \\ $a PGUSA $b eng
=042  \\ $a dc
=050  \4$aPS
=100  1\ $a Hay, John, $d 1838-1905
=245  10 $a Pike County Ballads and Other Poems $h [electronic resource] / $c John Hay
=260  \\ $b Project Gutenberg, $c 2004
=506  \\ $a Public domain in the USA.
=516  \\ $a Text
=653  \\ $a American poetry -- 19th century
=653  \\ $a Ballads, English -- United States
=830  \0 $a Project Gutenberg $v 6062
=856  40 $u http://www.gutenberg.org/ebooks/6062

