=LDR  01016nas  2200265uu 4500
=000  00568cam\a22001693a\4500
=001  6064
=003  PGUSA
=005  20161217030036.0
=008  040701s2004||||xxu|||||s|||||000\|\eng\d
=040  \\ $a PGUSA $b eng
=042  \\ $a dc
=050  \4$aDA
=100  1\ $a Fanshawe, Anne Harrison, Lady, $d 1625-1679
=245  10 $a Memoirs of Lady Fanshawe : $b $b Wife of Sir Richard Fanshawe, Bt., Ambassador from Charles II to the Courts of Portugal and Madrid. $h [electronic resource] / $c Anne Harrison, Lady Fanshawe
=260  \\ $b Project Gutenberg, $c 2004
=506  \\ $a Public domain in the USA.
=516  \\ $a Text
=653  \\ $a Great Britain -- History -- Charles II, 1660-1685 -- Sources
=653  \\ $a Fanshawe, Richard, 1608-1666
=653  \\ $a Portugal -- Court and courtiers
=653  \\ $a Spain -- Court and courtiers
=653  \\ $a Fanshawe, Anne Harrison, Lady, 1625-1680
=830  \0 $a Project Gutenberg $v 6064
=856  40 $u http://www.gutenberg.org/ebooks/6064

