=LDR  00890nas  2200277uu 4500
=000  00568cam\a22001693a\4500
=001  6065
=003  PGUSA
=005  20161217030036.0
=008  040701s2004||||xxu|||||s|||||000\1\eng\d
=040  \\ $a PGUSA $b eng
=042  \\ $a dc
=050  \4$aPS
=100  1\ $a Goddard, Charles, $d 1879-1951
=245  14 $a The Perils of Pauline $h [electronic resource] / $c Charles Goddard
=260  \\ $b Project Gutenberg, $c 2004
=506  \\ $a Public domain in the USA.
=516  \\ $a Text
=653  \\ $a Inheritance and succession -- Fiction
=653  \\ $a Guardian and ward -- Fiction
=653  \\ $a Young women -- Conduct of life -- Fiction
=653  \\ $a Man-woman relationships -- Fiction
=653  \\ $a Adventure stories
=653  \\ $a Young women -- Fiction
=830  \0 $a Project Gutenberg $v 6065
=856  40 $u http://www.gutenberg.org/ebooks/6065

