=LDR  00844nas  2200265uu 4500
=000  00568cam\a22001693a\4500
=001  6066
=003  PGUSA
=005  20161217030036.0
=008  040701s2004||||xxu|||||s|||||000\1\eng\d
=040  \\ $a PGUSA $b eng
=042  \\ $a dc
=050  \4$aPR
=100  1\ $a Mundy, Talbot, $d 1879-1940
=245  10 $a King--of the Khyber Rifles : $b A Romance of Adventure $h [electronic resource] / $c Talbot Mundy
=260  \\ $b Project Gutenberg, $c 2004
=506  \\ $a Public domain in the USA.
=516  \\ $a Text
=653  \\ $a War stories
=653  \\ $a British -- India -- Fiction
=653  \\ $a Historical fiction
=653  \\ $a India -- History -- Sepoy Rebellion, 1857-1858 -- Fiction
=653  \\ $a Love stories
=830  \0 $a Project Gutenberg $v 6066
=856  40 $u http://www.gutenberg.org/ebooks/6066

