=LDR  00748nas  2200229uu 4500
=000  00568cam\a22001693a\4500
=001  6068
=003  PGUSA
=005  20161217030036.0
=008  040701s2004||||xxu|||||s|||||000\1\eng\d
=040  \\ $a PGUSA $b eng
=042  \\ $a dc
=050  \4$aPZ
=100  1\ $a Patchin, Frank Gee, $d 1861-1925
=245  14 $a The Pony Rider Boys in Montana; Or, The Mystery of the Old Custer Trail $h [electronic resource] / $c Frank Gee Patchin
=260  \\ $b Project Gutenberg, $c 2004
=506  \\ $a Public domain in the USA.
=516  \\ $a Text
=653  \\ $a Horsemanship -- Juvenile fiction
=653  \\ $a Montana -- Juvenile fiction
=830  \0 $a Project Gutenberg $v 6068
=856  40 $u http://www.gutenberg.org/ebooks/6068

