=LDR  00664nas  2200217uu 4500
=000  00568cam\a22001693a\4500
=001  6070
=003  PGUSA
=005  20161217030036.0
=008  040701s2004||||xxu|||||s|||||000\|\eng\d
=040  \\ $a PGUSA $b eng
=042  \\ $a dc
=050  \4$aPS
=100  1\ $a White, Edward Lucas, $d 1866-1934
=245  14 $a The Unwilling Vestal $h [electronic resource] / $c Edward Lucas White
=260  \\ $b Project Gutenberg, $c 2004
=506  \\ $a Public domain in the USA.
=516  \\ $a Text
=653  \\ $a Rome -- History -- Empire, 30 B.C.-284 A.D.
=830  \0 $a Project Gutenberg $v 6070
=856  40 $u http://www.gutenberg.org/ebooks/6070

