=LDR  00736nas  2200229uu 4500
=000  00568cam\a22001693a\4500
=001  6071
=003  PGUSA
=005  20161217030036.0
=008  040701s2004||||xxu|||||s|||||000\1\eng\d
=040  \\ $a PGUSA $b eng
=042  \\ $a dc
=050  \4$aPZ
=100  1\ $a Stratemeyer, Edward, $d 1862-1930
=245  14 $a The Rover Boys out West; Or, The Search for a Lost Mine $h [electronic resource] / $c Edward Stratemeyer
=260  \\ $b Project Gutenberg, $c 2004
=506  \\ $a Public domain in the USA.
=516  \\ $a Text
=653  \\ $a Brothers -- Juvenile fiction
=653  \\ $a Mining claims -- Juvenile fiction
=830  \0 $a Project Gutenberg $v 6071
=856  40 $u http://www.gutenberg.org/ebooks/6071

