=LDR  00902nas  2200253uu 4500
=000  00568cam\a22001693a\4500
=001  6073
=003  PGUSA
=005  20161217030036.0
=008  060422s2006||||xxu|||||s|||||000\1\eng\d
=040  \\ $a PGUSA $b eng
=042  \\ $a dc
=050  \4$aPR
=100  1\ $a Haggard, H. Rider $q (Henry Rider), $d 1856-1925
=245  10 $a Smith and the Pharaohs, and other Tales $h [electronic resource] / $c H. Rider Haggard
=260  \\ $b Project Gutenberg, $c 2006
=505  0\ $a Smith and the pharaohs -- Magepa the buck --The blue curtains -- Little flower -- Only a dream -- Barbara who came back.
=506  \\ $a Public domain in the USA.
=516  \\ $a Text
=653  \\ $a Short stories, English
=653  \\ $a Adventure stories, English
=653  \\ $a Fantasy fiction, English
=830  \0 $a Project Gutenberg $v 6073
=856  40 $u http://www.gutenberg.org/ebooks/6073

