=LDR  00643nas  2200217uu 4500
=000  00568cam\a22001693a\4500
=001  6074
=003  PGUSA
=005  20161217030036.0
=008  040701s2004||||xxu|||||s|||||000\p\eng\d
=040  \\ $a PGUSA $b eng
=042  \\ $a dc
=050  \4$aPR
=100  1\ $a Tennyson, Alfred Tennyson, Baron, $d 1809-1892
=245  10 $a Lady Clare $h [electronic resource] / $c Alfred Tennyson, Baron Tennyson
=260  \\ $b Project Gutenberg, $c 2004
=506  \\ $a Public domain in the USA.
=516  \\ $a Text
=653  \\ $a Poetry
=830  \0 $a Project Gutenberg $v 6074
=856  40 $u http://www.gutenberg.org/ebooks/6074

