=LDR  00723nas  2200241uu 4500
=000  00568cam\a22001693a\4500
=001  6075
=003  PGUSA
=005  20161217030036.0
=008  040701s2004||||xxu|||||s|||||000\1\eng\d
=040  \\ $a PGUSA $b eng
=042  \\ $a dc
=050  \4$aPS
=100  1\ $a Bosher, Kate Langley, $d 1865-1932
=245  10 $a Miss Gibbie Gault $h [electronic resource] / $c Kate Langley Bosher
=260  \\ $b Project Gutenberg, $c 2004
=506  \\ $a Public domain in the USA.
=516  \\ $a Text
=653  \\ $a City and town life -- Fiction
=653  \\ $a Gossip -- Fiction
=653  \\ $a Virginia -- Fiction
=830  \0 $a Project Gutenberg $v 6075
=856  40 $u http://www.gutenberg.org/ebooks/6075

