=LDR  00748nas  2200229uu 4500
=000  00568cam\a22001693a\4500
=001  6076
=003  PGUSA
=005  20161217030036.0
=008  040701s2004||||xxu|||||s|||||000\p\eng\d
=040  \\ $a PGUSA $b eng
=042  \\ $a dc
=050  \4$aPS
=100  1\ $a Caldwell, George W. $q (George Walter), $d 1866-1946
=245  14 $a The Legends of San Francisco $h [electronic resource] / $c George W. Caldwell
=260  \\ $b Project Gutenberg, $c 2004
=506  \\ $a Public domain in the USA.
=516  \\ $a Text
=653  \\ $a Legends -- California -- San Francisco
=653  \\ $a San Francisco (Calif.) -- History -- Poetry
=830  \0 $a Project Gutenberg $v 6076
=856  40 $u http://www.gutenberg.org/ebooks/6076

