=LDR  00739nas  2200229uu 4500
=000  00568cam\a22001693a\4500
=001  6077
=003  PGUSA
=005  20161217030036.0
=008  040701s2004||||xxu|||||s|||||000\|\eng\d
=040  \\ $a PGUSA $b eng
=042  \\ $a dc
=050  \4$aF850.5
=100  1\ $a McGlashan, C. F. $q (Charles Fayette), $d 1847-1931
=245  10 $a History of the Donner Party : $b A Tragedy of the Sierra $h [electronic resource] / $c C. F. McGlashan
=260  \\ $b Project Gutenberg, $c 2004
=506  \\ $a Public domain in the USA.
=516  \\ $a Text
=653  \\ $a Donner Party
=653  \\ $a Overland journeys to the Pacific
=830  \0 $a Project Gutenberg $v 6077
=856  40 $u http://www.gutenberg.org/ebooks/6077

