=LDR  00751nas  2200241uu 4500
=000  00568cam\a22001693a\4500
=001  6078
=003  PGUSA
=005  20161217030036.0
=008  040701s2004||||xxu|||||s|||||000\|\eng\d
=040  \\ $a PGUSA $b eng
=042  \\ $a dc
=050  \4$aQH
=100  1\ $a Agassiz, Louis, $d 1807-1873
=245  10 $a Louis Agassiz : $b His Life and Correspondence $h [electronic resource] / $c Louis Agassiz
=260  \\ $b Project Gutenberg, $c 2004
=506  \\ $a Public domain in the USA.
=516  \\ $a Text
=653  \\ $a Scientists -- Correspondence
=653  \\ $a Scientists -- Biography
=653  \\ $a Agassiz, Louis, 1807-1873
=830  \0 $a Project Gutenberg $v 6078
=856  40 $u http://www.gutenberg.org/ebooks/6078

