=LDR  00653nas  2200217uu 4500
=000  00568cam\a22001693a\4500
=001  6079
=003  PGUSA
=005  20161217030036.0
=008  040701s2004||||xxu|||||s|||||000\p\ger\d
=040  \\ $a PGUSA $b ger
=042  \\ $a dc
=050  \4$aPT
=100  1\ $a Heine, Heinrich, $d 1797-1856
=245  10 $a Deutschland. Ein Wintermärchen $h [electronic resource] / $c Heinrich Heine
=260  \\ $b Project Gutenberg, $c 2004
=506  \\ $a Public domain in the USA.
=516  \\ $a Text
=653  \\ $a German poetry -- 19th century
=830  \0 $a Project Gutenberg $v 6079
=856  40 $u http://www.gutenberg.org/ebooks/6079

