=LDR  00703nas  2200217uu 4500
=000  00568cam\a22001693a\4500
=001  6080
=003  PGUSA
=005  20161217030036.0
=008  040701s2004||||xxu|||||s|||||000\|\eng\d
=040  \\ $a PGUSA $b eng
=042  \\ $a dc
=050  \4$aF206
=100  1\ $a Moore, John W. $q (John Wheeler), $d 1833-1906
=245  10 $a School History of North Carolina : $b from 1584 to the present time $h [electronic resource] / $c John W. Moore
=260  \\ $b Project Gutenberg, $c 2004
=506  \\ $a Public domain in the USA.
=516  \\ $a Text
=653  \\ $a North Carolina -- History
=830  \0 $a Project Gutenberg $v 6080
=856  40 $u http://www.gutenberg.org/ebooks/6080

