=LDR  00760nas  2200253uu 4500
=000  00568cam\a22001693a\4500
=001  6081
=003  PGUSA
=005  20161217030036.0
=008  040701s2004||||xxu|||||s|||||000\p\eng\d
=040  \\ $a PGUSA $b eng
=042  \\ $a dc
=050  \4$aPR
=100  1\ $a Coleridge, Samuel Taylor, $d 1772-1834
=245  10 $a Biographia Literaria $h [electronic resource] / $c Samuel Taylor Coleridge
=260  \\ $b Project Gutenberg, $c 2004
=506  \\ $a Public domain in the USA.
=516  \\ $a Text
=653  \\ $a Aesthetics
=653  \\ $a Criticism
=653  \\ $a Poetry
=653  \\ $a Wordsworth, William, 1770-1850. Lyrical ballads
=830  \0 $a Project Gutenberg $v 6081
=856  40 $u http://www.gutenberg.org/ebooks/6081

