=LDR  00726nas  2200217uu 4500
=000  00568cam\a22001693a\4500
=001  6083
=003  PGUSA
=005  20161217030036.0
=008  040701s2004||||xxu|||||s|||||000\1\eng\d
=040  \\ $a PGUSA $b eng
=042  \\ $a dc
=050  \4$aPZ
=100  1\ $a Hayes, Clair W. $q (Clair Wallace), $d 1887-
=245  14 $a The Boy Allies with Haig in Flanders; Or, the Fighting Canadians of Vimy Ridge $h [electronic resource] / $c Clair W. Hayes
=260  \\ $b Project Gutenberg, $c 2004
=506  \\ $a Public domain in the USA.
=516  \\ $a Text
=653  \\ $a World War, 1914-1918 -- Juvenile fiction
=830  \0 $a Project Gutenberg $v 6083
=856  40 $u http://www.gutenberg.org/ebooks/6083

