=LDR  00686nas  2200229uu 4500
=000  00568cam\a22001693a\4500
=001  6084
=003  PGUSA
=005  20161217030036.0
=008  040701s2004||||xxu|||||s|||||000\|\eng\d
=040  \\ $a PGUSA $b eng
=042  \\ $a dc
=050  \4$aML
=100  1\ $a Schumann, Robert, $d 1810-1856
=245  10 $a Quartet in a minor, op. 41, no. 1 $h [electronic resource] / $c Robert Schumann
=260  \\ $b Project Gutenberg, $c 2004
=500  \\ $a Musical score
=506  \\ $a Public domain in the USA.
=516  \\ $a Image
=653  \\ $a String quartets -- Scores
=830  \0 $a Project Gutenberg $v 6084
=856  40 $u http://www.gutenberg.org/ebooks/6084

