=LDR  00696nas  2200217uu 4500
=000  00568cam\a22001693a\4500
=001  6085
=003  PGUSA
=005  20161217030036.0
=008  040701s2004||||xxu|||||s|||||000\|\eng\d
=040  \\ $a PGUSA $b eng
=042  \\ $a dc
=050  \4$aCR
=100  1\ $a Wilson, John Lyde, $d 1784-1849
=245  14 $a The Code of Honor : $b $b Or, Rules for the Government of Principals and Seconds in Duelling $h [electronic resource] / $c John Lyde Wilson
=260  \\ $b Project Gutenberg, $c 2004
=506  \\ $a Public domain in the USA.
=516  \\ $a Text
=653  \\ $a Dueling
=830  \0 $a Project Gutenberg $v 6085
=856  40 $u http://www.gutenberg.org/ebooks/6085

