=LDR  00670nas  2200217uu 4500
=000  00568cam\a22001693a\4500
=001  6086
=003  PGUSA
=005  20161217030036.0
=008  040701s2004||||xxu|||||s|||||000\1\eng\d
=040  \\ $a PGUSA $b eng
=042  \\ $a dc
=050  \4$aPR
=100  1\ $a Porter, Jane, $d 1776-1850
=245  14 $a The Scottish Chiefs $h [electronic resource] / $c Jane Porter
=260  \\ $b Project Gutenberg, $c 2004
=506  \\ $a Public domain in the USA.
=516  \\ $a Text
=653  \\ $a Scotland -- History -- War of Independence, 1285-1371 -- Fiction
=830  \0 $a Project Gutenberg $v 6086
=856  40 $u http://www.gutenberg.org/ebooks/6086

