=LDR  00870nas  2200253uu 4500
=000  00568cam\a22001693a\4500
=001  6087
=003  PGUSA
=005  20161217030036.0
=008  040701s2004||||xxu|||||s|||||000\1\eng\d
=040  \\ $a PGUSA $b eng
=042  \\ $a dc
=050  \4$aPR
=100  1\ $a Polidori, John William, $d 1795-1821
=245  14 $a The Vampyre; a Tale $h [electronic resource] / $c John William Polidori
=260  \\ $b Project Gutenberg, $c 2004
=500  \\ $a The Vampyre was published in the April 1819 issue of New Monthly Magazine and was there erroneously attributed to Lord Byron.
=506  \\ $a Public domain in the USA.
=516  \\ $a Text
=653  \\ $a Gothic fiction (Literary genre)
=653  \\ $a Horror tales
=653  \\ $a Vampires -- Fiction
=830  \0 $a Project Gutenberg $v 6087
=856  40 $u http://www.gutenberg.org/ebooks/6087

