=LDR  00581nas  2200205uu 4500
=000  00568cam\a22001693a\4500
=001  6088
=003  PGUSA
=005  20161217030036.0
=008  040701s2004||||xxu|||||s|||||000\p\eng\d
=040  \\ $a PGUSA $b eng
=042  \\ $a dc
=050  \4$aPQ
=245  14 $a The Lay of the Cid $h [electronic resource]
=260  \\ $b Project Gutenberg, $c 2004
=506  \\ $a Public domain in the USA.
=516  \\ $a Text
=653  \\ $a Cid, approximately 1043-1099 -- Poetry
=830  \0 $a Project Gutenberg $v 6088
=856  40 $u http://www.gutenberg.org/ebooks/6088

