=LDR  00712nas  2200217uu 4500
=000  00568cam\a22001693a\4500
=001  6089
=003  PGUSA
=005  20161217030036.0
=008  040701s2004||||xxu|||||s|||||000\|\eng\d
=040  \\ $a PGUSA $b eng
=042  \\ $a dc
=050  \4$aPQ
=100  1\ $a Regnard, Jean François, $d 1655-1709
=245  14 $a The Follies of Love $h [electronic resource] / $c Jean François Regnard
=260  \\ $b Project Gutenberg, $c 2004
=506  \\ $a Copyrighted. Read the copyright notice inside this book for details.
=516  \\ $a Text
=653  \\ $a French drama -- Translations into English
=830  \0 $a Project Gutenberg $v 6089
=856  40 $u http://www.gutenberg.org/ebooks/6089

