=LDR  00745nas  2200241uu 4500
=000  00568cam\a22001693a\4500
=001  6091
=003  PGUSA
=005  20161217030036.0
=008  040701s2004||||xxu|||||s|||||000\1\eng\d
=040  \\ $a PGUSA $b eng
=042  \\ $a dc
=050  \4$aPS
=100  1\ $a Atherton, Gertrude Franklin Horn, $d 1857-1948
=245  10 $a Senator North $h [electronic resource] / $c Gertrude Franklin Horn Atherton
=260  \\ $b Project Gutenberg, $c 2004
=506  \\ $a Public domain in the USA.
=516  \\ $a Text
=653  \\ $a Washington (D.C.) -- Fiction
=653  \\ $a Political fiction
=653  \\ $a Legislators -- Fiction
=830  \0 $a Project Gutenberg $v 6091
=856  40 $u http://www.gutenberg.org/ebooks/6091

