=LDR  00926nas  2200289uu 4500
=000  00568cam\a22001693a\4500
=001  6092
=003  PGUSA
=005  20161217030036.0
=008  040701s2004||||xxu|||||s|||||000\|\eng\d
=040  \\ $a PGUSA $b eng
=042  \\ $a dc
=050  \4$aPR
=050  \4$aBT
=100  1\ $a Butler, Samuel, $d 1835-1902
=245  14 $a The Fair Haven $h [electronic resource] / $c Samuel Butler
=260  \\ $b Project Gutenberg, $c 2004
=506  \\ $a Public domain in the USA.
=516  \\ $a Text
=653  \\ $a Strauss, David Friedrich, 1808-1874
=653  \\ $a Jesus Christ -- Miracles
=653  \\ $a Christianity -- Controversial literature
=653  \\ $a Alford, Henry, 1810-1871
=653  \\ $a Jesus Christ -- Person and offices
=653  \\ $a Jesus Christ -- Biography -- History and criticism
=830  \0 $a Project Gutenberg $v 6092
=856  40 $u http://www.gutenberg.org/ebooks/6092

