=LDR  00962nas  2200265uu 4500
=000  00568cam\a22001693a\4500
=001  6093
=003  PGUSA
=005  20161217030036.0
=008  040701s2004||||xxu|||||s|||||000\|\eng\d
=040  \\ $a PGUSA $b eng
=042  \\ $a dc
=050  \4$aPR
=050  \4$aQL
=100  1\ $a Hudson, W. H. $q (William Henry), $d 1841-1922
=245  10 $a Far Away and Long Ago : $b A History of My Early Life $h [electronic resource] / $c W. H. Hudson
=260  \\ $b Project Gutenberg, $c 2004
=506  \\ $a Public domain in the USA.
=516  \\ $a Text
=653  \\ $a Authors, English -- 20th century -- Biography
=653  \\ $a Hudson, W. H. (William Henry), 1841-1922 -- Homes and haunts -- Argentina
=653  \\ $a Pampas (Argentina) -- Description and travel
=653  \\ $a Hudson, W. H. (William Henry), 1841-1922 -- Childhood and youth
=830  \0 $a Project Gutenberg $v 6093
=856  40 $u http://www.gutenberg.org/ebooks/6093

