=LDR  00809nas  2200229uu 4500
=000  00568cam\a22001693a\4500
=001  6094
=003  PGUSA
=005  20161217030036.0
=008  040701s2004||||xxu|||||s|||||000\1\eng\d
=040  \\ $a PGUSA $b eng
=042  \\ $a dc
=050  \4$aPZ
=100  1\ $a Altsheler, Joseph A. $q (Joseph Alexander), $d 1862-1919
=245  14 $a The Scouts of Stonewall : $b The Story of the Great Valley Campaign $h [electronic resource] / $c Joseph A. Altsheler
=260  \\ $b Project Gutenberg, $c 2004
=500  \\ $a The Civil War Series, Volume 3
=506  \\ $a Public domain in the USA.
=516  \\ $a Text
=653  \\ $a United States -- History -- Civil War, 1861-1865 -- Juvenile fiction
=830  \0 $a Project Gutenberg $v 6094
=856  40 $u http://www.gutenberg.org/ebooks/6094

