=LDR  00743nas  2200253uu 4500
=000  00568cam\a22001693a\4500
=001  6098
=003  PGUSA
=005  20161217030036.0
=008  040701s2004||||xxu|||||s|||||000\1\eng\d
=040  \\ $a PGUSA $b eng
=042  \\ $a dc
=050  \4$aPR
=100  1\ $a Fielding, Henry, $d 1707-1754
=245  10 $a Amelia — Complete $h [electronic resource] / $c Henry Fielding
=260  \\ $b Project Gutenberg, $c 2004
=506  \\ $a Public domain in the USA.
=516  \\ $a Text
=653  \\ $a England -- Fiction
=653  \\ $a Didactic fiction
=653  \\ $a Domestic fiction
=653  \\ $a Married women -- Fiction
=830  \0 $a Project Gutenberg $v 6098
=856  40 $u http://www.gutenberg.org/ebooks/6098

