=LDR  00624nas  2200217uu 4500
=000  00568cam\a22001693a\4500
=001  6099
=003  PGUSA
=005  20161217030036.0
=008  040701s2004||||xxu|||||s|||||000\p\fre\d
=040  \\ $a PGUSA $b fre
=042  \\ $a dc
=050  \4$aPQ
=100  1\ $a Baudelaire, Charles, $d 1821-1867
=245  14 $a Les Fleurs du Mal $h [electronic resource] / $c Charles Baudelaire
=260  \\ $b Project Gutenberg, $c 2004
=506  \\ $a Public domain in the USA.
=516  \\ $a Text
=653  \\ $a Poetry
=830  \0 $a Project Gutenberg $v 6099
=856  40 $u http://www.gutenberg.org/ebooks/6099

