=LDR  00926nas  2200289uu 4500
=000  00568cam\a22001693a\4500
=001  6100
=003  PGUSA
=005  20161217030036.0
=008  040701s2004||||xxu|||||s|||||000\1\eng\d
=040  \\ $a PGUSA $b eng
=042  \\ $a dc
=050  \4$aPS
=050  \4$aPZ
=100  1\ $a Porter, Eleanor H. $q (Eleanor Hodgman), $d 1868-1920
=245  10 $a Pollyanna Grows Up $h [electronic resource] / $c Eleanor H. Porter
=260  \\ $b Project Gutenberg, $c 2004
=506  \\ $a Public domain in the USA.
=516  \\ $a Text
=653  \\ $a Orphans -- Juvenile fiction
=653  \\ $a Friendship -- Juvenile fiction
=653  \\ $a Happiness -- Juvenile fiction
=653  \\ $a Families -- Juvenile fiction
=653  \\ $a Conduct of life -- Juvenile fiction
=653  \\ $a Aunts -- Juvenile fiction
=830  \0 $a Project Gutenberg $v 6100
=856  40 $u http://www.gutenberg.org/ebooks/6100

