=LDR  00877nas  2200241uu 4500
=000  00568cam\a22001693a\4500
=001  6101
=003  PGUSA
=005  20161217030036.0
=008  040701s2004||||xxu|||||s|||||000\|\eng\d
=040  \\ $a PGUSA $b eng
=042  \\ $a dc
=050  \4$aBJ
=100  1\ $a Palmer, George Herbert, $d 1842-1933
=245  14 $a The Nature of Goodness $h [electronic resource] / $c George Herbert Palmer
=260  \\ $b Project Gutenberg, $c 2004
=505  0\ $a The double aspect of goodness -- Misconceptions of goodness -- Self-consciousness -- Self-direction -- Self-development -- Self-sacrifice -- Nature and spirit -- The three stages of goodness.
=506  \\ $a Public domain in the USA.
=516  \\ $a Text
=653  \\ $a Ethics
=653  \\ $a Good and evil
=830  \0 $a Project Gutenberg $v 6101
=856  40 $u http://www.gutenberg.org/ebooks/6101

