=LDR  00672nas  2200217uu 4500
=000  00568cam\a22001693a\4500
=001  6103
=003  PGUSA
=005  20161217030036.0
=008  040701s2004||||xxu|||||s|||||000\1\eng\d
=040  \\ $a PGUSA $b eng
=042  \\ $a dc
=050  \4$aPS
=100  1\ $a Crewdson, Charles N. $q (Charles Newman), $d 1870-
=245  10 $a Tales of the Road $h [electronic resource] / $c Charles N. Crewdson
=260  \\ $b Project Gutenberg, $c 2004
=506  \\ $a Public domain in the USA.
=516  \\ $a Text
=653  \\ $a Traveling sales personnel -- Fiction
=830  \0 $a Project Gutenberg $v 6103
=856  40 $u http://www.gutenberg.org/ebooks/6103

