=LDR  00974nas  2200289uu 4500
=000  00568cam\a22001693a\4500
=001  6104
=003  PGUSA
=005  20161217030036.0
=008  040701s2004||||xxu|||||s|||||000\|\eng\d
=040  \\ $a PGUSA $b eng
=042  \\ $a dc
=050  \4$aS
=050  \4$aDU
=100  1\ $a Barker, Lady $q (Mary Anne), $d 1831-1911
=245  10 $a Station Life in New Zealand $h [electronic resource] / $c Lady Barker
=260  \\ $b Project Gutenberg, $c 2004
=506  \\ $a Public domain in the USA.
=516  \\ $a Text
=653  \\ $a Barker, Lady (Mary Anne), 1831-1911 -- Correspondence
=653  \\ $a Sheep ranches -- New Zealand
=653  \\ $a New Zealand -- Biography
=653  \\ $a New Zealand -- Social life and customs
=653  \\ $a Governors' spouses -- New Zealand -- Correspondence
=653  \\ $a Country life -- New Zealand -- History
=830  \0 $a Project Gutenberg $v 6104
=856  40 $u http://www.gutenberg.org/ebooks/6104

