=LDR  00812nas  2200241uu 4500
=000  00568cam\a22001693a\4500
=001  6106
=003  PGUSA
=005  20161217030036.0
=008  040701s2004||||xxu|||||s|||||000\1\eng\d
=040  \\ $a PGUSA $b eng
=042  \\ $a dc
=050  \4$aPS
=100  1\ $a Canby, Henry Seidel, $d 1878-1961
=245  10 $a Definitions : $b Essays in Contemporary Criticism [First Series] $h [electronic resource] / $c Henry Seidel Canby
=260  \\ $b Project Gutenberg, $c 2004
=506  \\ $a Public domain in the USA.
=516  \\ $a Text
=653  \\ $a American literature -- 20th century -- History and criticism
=653  \\ $a Criticism
=653  \\ $a English fiction -- History and criticism
=830  \0 $a Project Gutenberg $v 6106
=856  40 $u http://www.gutenberg.org/ebooks/6106

