=LDR  00721nas  2200229uu 4500
=000  00568cam\a22001693a\4500
=001  6107
=003  PGUSA
=005  20161217030036.0
=008  040701s2004||||xxu|||||s|||||000\|\eng\d
=040  \\ $a PGUSA $b eng
=042  \\ $a dc
=050  \4$aBL
=100  1\ $a Mangasarian, M. M. $q (Mangasar Mugurditch), $d 1859-1943
=245  14 $a The Truth about Jesus : $b Is He a Myth? $h [electronic resource] / $c M. M. Mangasarian
=260  \\ $b Project Gutenberg, $c 2004
=506  \\ $a Public domain in the USA.
=516  \\ $a Text
=653  \\ $a Rationalism
=653  \\ $a Jesus Christ -- Historicity
=830  \0 $a Project Gutenberg $v 6107
=856  40 $u http://www.gutenberg.org/ebooks/6107

