=LDR  00692nas  2200229uu 4500
=000  00568cam\a22001693a\4500
=001  6109
=003  PGUSA
=005  20161217030036.0
=008  040701s2004||||xxu|||||s|||||000\|\eng\d
=040  \\ $a PGUSA $b eng
=042  \\ $a dc
=050  \4$aLB
=100  1\ $a McMurry, Frank M. $q (Frank Morton), $d 1862-1936
=245  10 $a How to Study and Teaching How to Study $h [electronic resource] / $c Frank M. McMurry
=260  \\ $b Project Gutenberg, $c 2004
=506  \\ $a Public domain in the USA.
=516  \\ $a Text
=653  \\ $a Teaching
=653  \\ $a Study skills
=830  \0 $a Project Gutenberg $v 6109
=856  40 $u http://www.gutenberg.org/ebooks/6109

