=LDR  00669nas  2200217uu 4500
=000  00568cam\a22001693a\4500
=001  6110
=003  PGUSA
=005  20161217030036.0
=008  040701s2004||||xxu|||||s|||||000\|\ger\d
=040  \\ $a PGUSA $b ger
=042  \\ $a dc
=050  \4$aBL
=100  1\ $a al-Raschid, Omar, bey, $d -1910
=245  14 $a Das hohe Ziel der Erkenntnis : $b Aranada Upanishad $h [electronic resource] / $c Omar, bey al-Raschid
=260  \\ $b Project Gutenberg, $c 2004
=506  \\ $a Public domain in the USA.
=516  \\ $a Text
=653  \\ $a Philosophy, Hindu
=830  \0 $a Project Gutenberg $v 6110
=856  40 $u http://www.gutenberg.org/ebooks/6110

