=LDR  00665nas  2200217uu 4500
=000  00568cam\a22001693a\4500
=001  6111
=003  PGUSA
=005  20161217030036.0
=008  040701s2004||||xxu|||||s|||||000\|\eng\d
=040  \\ $a PGUSA $b eng
=042  \\ $a dc
=050  \4$aF1001
=100  1\ $a Grove, Frederick Philip, $d 1879-1948
=245  10 $a Over Prairie Trails $h [electronic resource] / $c Frederick Philip Grove
=260  \\ $b Project Gutenberg, $c 2004
=506  \\ $a Public domain in the USA.
=516  \\ $a Text
=653  \\ $a Manitoba -- Description and travel
=830  \0 $a Project Gutenberg $v 6111
=856  40 $u http://www.gutenberg.org/ebooks/6111

