=LDR  00646nas  2200217uu 4500
=000  00568cam\a22001693a\4500
=001  6118
=003  PGUSA
=005  20161217030036.0
=008  040701s2004||||xxu|||||s|||||000\1\eng\d
=040  \\ $a PGUSA $b eng
=042  \\ $a dc
=050  \4$aPS
=100  1\ $a McCutcheon, George Barr, $d 1866-1928
=245  14 $a The Rose in the Ring $h [electronic resource] / $c George Barr McCutcheon
=260  \\ $b Project Gutenberg, $c 2004
=506  \\ $a Public domain in the USA.
=516  \\ $a Text
=653  \\ $a Circus -- Fiction
=830  \0 $a Project Gutenberg $v 6118
=856  40 $u http://www.gutenberg.org/ebooks/6118

