=LDR  00683nas  2200217uu 4500
=000  00568cam\a22001693a\4500
=001  6119
=003  PGUSA
=005  20161217030036.0
=008  040701s2004||||xxu|||||s|||||000\1\eng\d
=040  \\ $a PGUSA $b eng
=042  \\ $a dc
=050  \4$aPR
=100  1\ $a Paterson, A. B. $q (Andrew Barton), $d 1864-1941
=245  13 $a An Outback Marriage : $b A Story of Australian Life $h [electronic resource] / $c A. B. Paterson
=260  \\ $b Project Gutenberg, $c 2004
=506  \\ $a Public domain in the USA.
=516  \\ $a Text
=653  \\ $a Australia -- Fiction
=830  \0 $a Project Gutenberg $v 6119
=856  40 $u http://www.gutenberg.org/ebooks/6119

