=LDR  01225nas  2200241uu 4500
=000  00568cam\a22001693a\4500
=001  6120
=003  PGUSA
=005  20161217030036.0
=008  040701s2004||||xxu|||||s|||||000\1\eng\d
=040  \\ $a PGUSA $b eng
=042  \\ $a dc
=050  \4$aPR
=100  1\ $a Kipling, Rudyard, $d 1865-1936
=245  10 $a Soldiers Three $h [electronic resource] / $c Rudyard Kipling
=260  \\ $b Project Gutenberg, $c 2004
=505  0\ $a The God From The Machine -- Of Those Called -- Private Learoyd'S Story -- The Big Drunk Draf' -- The Wreck Of The Visigoth -- The Solid Muldoon -- With The Main Guard -- In The Matter Of A Private -- Black Jack -- Poor Dear Mamma -- The World Without -- The Tents Of Kedar -- With Any Amazement -- The Garden Of Eden -- Fatima -- The Valley Of The Shadow -- The Swelling Of Jordan -- Dray Wara Yow Dee -- The Judgment Of Dungara -- At Howli Thana -- Gemini -- At Twenty-Two -- In Flood Time -- The Sending Of Dana Da -- On The City Wall.
=506  \\ $a Public domain in the USA.
=516  \\ $a Text
=653  \\ $a Short stories, English
=653  \\ $a Soldiers -- Fiction
=830  \0 $a Project Gutenberg $v 6120
=856  40 $u http://www.gutenberg.org/ebooks/6120

