=LDR  00699nas  2200241uu 4500
=000  00568cam\a22001693a\4500
=001  6121
=003  PGUSA
=005  20161217030036.0
=008  040701s2004||||xxu|||||s|||||000\1\eng\d
=040  \\ $a PGUSA $b eng
=042  \\ $a dc
=050  \4$aPZ
=050  \4$aPS
=100  1\ $a Overton, Mark
=245  10 $a Jack Winters' Gridiron Chums $h [electronic resource] / $c Mark Overton
=260  \\ $b Project Gutenberg, $c 2004
=506  \\ $a Public domain in the USA.
=516  \\ $a Text
=653  \\ $a Friendship -- Juvenile fiction
=653  \\ $a Football -- Juvenile fiction
=830  \0 $a Project Gutenberg $v 6121
=856  40 $u http://www.gutenberg.org/ebooks/6121

