=LDR  00669nas  2200217uu 4500
=000  00568cam\a22001693a\4500
=001  6122
=003  PGUSA
=005  20161217030036.0
=008  040701s2004||||xxu|||||s|||||000\p\eng\d
=040  \\ $a PGUSA $b eng
=042  \\ $a dc
=050  \4$aPS
=100  1\ $a Adams, Franklin P. $q (Franklin Pierce), $d 1881-1960
=245  10 $a Tobogganing on Parnassus $h [electronic resource] / $c Franklin P. Adams
=260  \\ $b Project Gutenberg, $c 2004
=506  \\ $a Public domain in the USA.
=516  \\ $a Text
=653  \\ $a Humorous poetry, American
=830  \0 $a Project Gutenberg $v 6122
=856  40 $u http://www.gutenberg.org/ebooks/6122

