=LDR  00914nas  2200229uu 4500
=000  00568cam\a22001693a\4500
=001  6123
=003  PGUSA
=005  20161217030036.0
=008  040701s2004||||xxu|||||s|||||000\e\eng\d
=040  \\ $a PGUSA $b eng
=042  \\ $a dc
=050  \4$aPR
=100  1\ $a De Quincey, Thomas, $d 1785-1859
=245  10 $a Theological Essays and Other Papers — Volume 1 $h [electronic resource] / $c Thomas De Quincey
=260  \\ $b Project Gutenberg, $c 2004
=505  0\ $a On Christianity as an organ of political movement -- Protestantism -- On the supposed scriptural expression for eternity -- Judas Iscariot -- On Hume's argument against miracles -- Casuistry -- Greece under the Romans.
=506  \\ $a Public domain in the USA.
=516  \\ $a Text
=653  \\ $a English essays -- 19th century
=830  \0 $a Project Gutenberg $v 6123
=856  40 $u http://www.gutenberg.org/ebooks/6123

