=LDR  00902nas  2200289uu 4500
=000  00568cam\a22001693a\4500
=001  6124
=003  PGUSA
=005  20161217030036.0
=008  040701s2004||||xxu|||||s|||||000\1\eng\d
=040  \\ $a PGUSA $b eng
=042  \\ $a dc
=050  \4$aPR
=100  1\ $a Richardson, Samuel, $d 1689-1761
=245  10 $a Pamela, or Virtue Rewarded $h [electronic resource] / $c Samuel Richardson
=260  \\ $b Project Gutenberg, $c 2004
=506  \\ $a Public domain in the USA.
=516  \\ $a Text
=653  \\ $a Didactic fiction
=653  \\ $a Kidnapping victims -- Fiction
=653  \\ $a England -- Fiction
=653  \\ $a Women household employees -- Fiction
=653  \\ $a Epistolary fiction
=653  \\ $a Master and servant -- Fiction
=653  \\ $a Virtue -- Fiction
=830  \0 $a Project Gutenberg $v 6124
=856  40 $u http://www.gutenberg.org/ebooks/6124

