=LDR  00674nas  2200217uu 4500
=000  00568cam\a22001693a\4500
=001  6125
=003  PGUSA
=005  20161217030036.0
=008  040701s2004||||xxu|||||s|||||000\|\eng\d
=040  \\ $a PGUSA $b eng
=042  \\ $a dc
=050  \4$aCT
=100  1\ $a Riis, Jacob A. $q (Jacob August), $d 1849-1914
=245  14 $a The Making of an American $h [electronic resource] / $c Jacob A. Riis
=260  \\ $b Project Gutenberg, $c 2004
=506  \\ $a Public domain in the USA.
=516  \\ $a Text
=653  \\ $a Riis, Jacob A. (Jacob August), 1849-1914
=830  \0 $a Project Gutenberg $v 6125
=856  40 $u http://www.gutenberg.org/ebooks/6125

