=LDR  00624nas  2200217uu 4500
=000  00568cam\a22001693a\4500
=001  6126
=003  PGUSA
=005  20161217030036.0
=008  040701s2004||||xxu|||||s|||||000\|\eng\d
=040  \\ $a PGUSA $b eng
=042  \\ $a dc
=050  \4$aPT
=100  1\ $a Ebers, Georg, $d 1837-1898
=245  10 $a Quotations from Georg Ebers $h [electronic resource] / $c Georg Ebers
=260  \\ $b Project Gutenberg, $c 2004
=506  \\ $a Public domain in the USA.
=516  \\ $a Text
=653  \\ $a Quotations
=830  \0 $a Project Gutenberg $v 6126
=856  40 $u http://www.gutenberg.org/ebooks/6126

