=LDR  00649nas  2200217uu 4500
=000  00568cam\a22001693a\4500
=001  6127
=003  PGUSA
=005  20161217030036.0
=008  040701s2004||||xxu|||||s|||||000\1\eng\d
=040  \\ $a PGUSA $b eng
=042  \\ $a dc
=050  \4$aPS
=100  1\ $a Stockton, Frank Richard, $d 1834-1902
=245  14 $a The Great Stone of Sardis $h [electronic resource] / $c Frank Richard Stockton
=260  \\ $b Project Gutenberg, $c 2004
=506  \\ $a Public domain in the USA.
=516  \\ $a Text
=653  \\ $a Science fiction
=830  \0 $a Project Gutenberg $v 6127
=856  40 $u http://www.gutenberg.org/ebooks/6127

