=LDR  01336nas  2200241uu 4500
=000  00568cam\a22001693a\4500
=001  6129
=003  PGUSA
=005  20161217030036.0
=008  040701s2004||||xxu|||||s|||||000\|\eng\d
=040  \\ $a PGUSA $b eng
=042  \\ $a dc
=050  \4$aGV
=100  1\ $a Calhoun, A. R. $q (Alfred Rochefort), $d 1844-
=245  10 $a Healthful Sports for Boys $h [electronic resource] / $c A. R. Calhoun
=260  \\ $b Project Gutenberg, $c 2004
=505  0\ $a Marbles: how played -- Whip tops and top games -- Kites and how made -- Hoops, wheels and buzzers -- Let's go a-fishing -- Boating and canoeing -- Small sail boats -- How to swim -- Styles of swimming -- Things boys should know -- Curious rhymes for games -- Tag and bull in the ring -- All about leap frog -- Duck on the rock; cat -- Ball, bat and racket -- American baseball -- All about football -- Mumbly peg; hop scotch -- How to camp out -- Bicycles and lassoes -- Golf, hockey and shinny -- Skating; skiing; snow shoeing -- Coasting; tobogganing; sleds -- General athletics -- Cries; shouts; college yells -- Clever tricks -- Sleight-of-hand.
=506  \\ $a Public domain in the USA.
=516  \\ $a Text
=653  \\ $a Games
=653  \\ $a Amusements
=830  \0 $a Project Gutenberg $v 6129
=856  40 $u http://www.gutenberg.org/ebooks/6129

