=LDR  00651nas  2200205uu 4500
=000  00568cam\a22001693a\4500
=001  6131
=003  PGUSA
=005  20161217030036.0
=008  040701s2004||||xxu|||||s|||||000\|\eng\d
=040  \\ $a PGUSA $b eng
=042  \\ $a dc
=050  \4$aQE
=245  10 $a Wonders of Creation : $b A Descriptive Account of Volcanoes and Their Phenomena $h [electronic resource] / $c Anonymous
=260  \\ $b Project Gutenberg, $c 2004
=506  \\ $a Public domain in the USA.
=516  \\ $a Text
=653  \\ $a Volcanoes -- Juvenile literature
=830  \0 $a Project Gutenberg $v 6131
=856  40 $u http://www.gutenberg.org/ebooks/6131

