=LDR  00751nas  2200229uu 4500
=000  00568cam\a22001693a\4500
=001  6132
=003  PGUSA
=005  20161217030036.0
=008  040701s2004||||xxu|||||s|||||000\1\eng\d
=040  \\ $a PGUSA $b eng
=042  \\ $a dc
=050  \4$aPS
=100  1\ $a Maher, William H.
=245  12 $a A Man of Samples. Something about the men he met "On the Road" $h [electronic resource] / $c William H. Maher
=260  \\ $b Project Gutenberg, $c 2004
=505  0\ $a A man of samples -- His last trip -- "Let us kick."
=506  \\ $a Public domain in the USA.
=516  \\ $a Text
=653  \\ $a Traveling sales personnel -- Fiction
=830  \0 $a Project Gutenberg $v 6132
=856  40 $u http://www.gutenberg.org/ebooks/6132

