=LDR  01287nas  2200301uu 4500
=000  00568cam\a22001693a\4500
=001  6133
=003  PGUSA
=005  20161217030036.0
=008  040701s2004||||xxu|||||s|||||000\1\eng\d
=040  \\ $a PGUSA $b eng
=042  \\ $a dc
=050  \4$aPQ
=100  1\ $a Leblanc, Maurice, $d 1864-1941
=240  10 $a Arsène Lupin, gentleman-cambrioleur. $l English
=245  14 $a The Extraordinary Adventures of Arsene Lupin, Gentleman-Burglar $h [electronic resource] / $c Maurice Leblanc
=260  \\ $b Project Gutenberg, $c 2004
=505  0\ $a The arrest of Arsène Lupin -- Arsène Lupin in prison -- The escape of Arsène Lupin -- The mysterious traveller -- The queen's necklace -- The seven of hearts -- Madame Imbert's safe -- The black pearl -- Sherlock Holmes arrives too late.
=506  \\ $a Public domain in the USA.
=516  \\ $a Text
=653  \\ $a Adventure stories, French -- Translations into English
=653  \\ $a Mystery and detective stories
=653  \\ $a Burglars -- Fiction
=653  \\ $a Lupin, Arsène (Fictitious character) -- Fiction
=653  \\ $a Short stories
=740  0\ $a Arsène Lupin, gentleman-cambrioleur. English
=830  \0 $a Project Gutenberg $v 6133
=856  40 $u http://www.gutenberg.org/ebooks/6133

