=LDR  00693nas  2200217uu 4500
=000  00568cam\a22001693a\4500
=001  6134
=003  PGUSA
=005  20161217030036.0
=008  040701s2004||||xxu|||||s|||||000\|\eng\d
=040  \\ $a PGUSA $b eng
=042  \\ $a dc
=050  \4$aDA
=100  1\ $a Parmele, Mary Platt, $d 1843-1911
=245  14 $a The Evolution of an Empire : $b A Brief Historical Sketch of England $h [electronic resource] / $c Mary Platt Parmele
=260  \\ $b Project Gutenberg, $c 2004
=506  \\ $a Public domain in the USA.
=516  \\ $a Text
=653  \\ $a Great Britain -- History
=830  \0 $a Project Gutenberg $v 6134
=856  40 $u http://www.gutenberg.org/ebooks/6134

