=LDR  00643nas  2200217uu 4500
=000  00568cam\a22001693a\4500
=001  6135
=003  PGUSA
=005  20161217030036.0
=008  040701s2004||||xxu|||||s|||||000\|\eng\d
=040  \\ $a PGUSA $b eng
=042  \\ $a dc
=050  \4$aBT
=100  1\ $a Brengle, Samuel Logan, $d 1860-1936
=245  10 $a When the Holy Ghost is Come $h [electronic resource] / $c Samuel Logan Brengle
=260  \\ $b Project Gutenberg, $c 2004
=506  \\ $a Public domain in the USA.
=516  \\ $a Text
=653  \\ $a Holy Spirit
=830  \0 $a Project Gutenberg $v 6135
=856  40 $u http://www.gutenberg.org/ebooks/6135

