=LDR  01328nas  2200253uu 4500
=000  00568cam\a22001693a\4500
=001  6136
=003  PGUSA
=005  20161217030036.0
=008  040701s2004||||xxu|||||s|||||000\p\eng\d
=040  \\ $a PGUSA $b eng
=042  \\ $a dc
=050  \4$aPS
=100  1\ $a Chaplin, Ralph, $d 1887-1961
=245  10 $a Bars and Shadows : $b The Prison Poems of Ralph Chaplin $h [electronic resource] / $c Ralph Chaplin
=260  \\ $b Project Gutenberg, $c 2004
=505  0\ $a Mourn not the dead -- Taps -- Night in the cell house -- Prison shadows -- Prison reveille -- Prison nocturne -- The warrior wind -- To freedom -- The vision maker -- Distances -- Phantoms -- Seven little sparrows -- Salaam! -- The W est is dead -- Up from your knees! -- The eunuch -- I. W. W. prison song -- To France -- Villanelle -- Wesley Everest -- The industrial heretics -- Blood and wine -- The red guard -- The red feast -- The girls who sang for us -- To Edith -- Song of separation -- To my little son -- Escaped! -- Retrospect.
=506  \\ $a Public domain in the USA.
=516  \\ $a Text
=653  \\ $a Prisoners' writings, American
=653  \\ $a Prisons -- United States -- Poetry
=653  \\ $a Imprisonment -- Poetry
=830  \0 $a Project Gutenberg $v 6136
=856  40 $u http://www.gutenberg.org/ebooks/6136

