=LDR  00804nas  2200229uu 4500
=000  00568cam\a22001693a\4500
=001  6137
=003  PGUSA
=005  20161217030036.0
=008  040701s2004||||xxu|||||s|||||000\|\eng\d
=040  \\ $a PGUSA $b eng
=042  \\ $a dc
=050  \4$aG
=100  1\ $a Mawson, Douglas, $c Sir, $d 1882-1958
=245  14 $a The Home of the Blizzard : $b $b Being the Story of the Australasian Antarctic Expedition, 1911-1914 $h [electronic resource] / $c Douglas, Mawson
=260  \\ $b Project Gutenberg, $c 2004
=506  \\ $a Public domain in the USA.
=516  \\ $a Text
=653  \\ $a Antarctica -- Discovery and exploration
=653  \\ $a Australasian Antarctic Expedition (1911-1914)
=830  \0 $a Project Gutenberg $v 6137
=856  40 $u http://www.gutenberg.org/ebooks/6137

