=LDR  00690nas  2200253uu 4500
=000  00568cam\a22001693a\4500
=001  6138
=003  PGUSA
=005  20161217030036.0
=008  040701s2004||||xxu|||||s|||||000\|\eng\d
=040  \\ $a PGUSA $b eng
=042  \\ $a dc
=050  \4$aQH
=050  \4$aPR
=100  1\ $a Butler, Samuel, $d 1835-1902
=245  10 $a Life and Habit $h [electronic resource] / $c Samuel Butler
=260  \\ $b Project Gutenberg, $c 2004
=506  \\ $a Public domain in the USA.
=516  \\ $a Text
=653  \\ $a Evolution
=653  \\ $a Habit
=653  \\ $a Life (Biology)
=830  \0 $a Project Gutenberg $v 6138
=856  40 $u http://www.gutenberg.org/ebooks/6138

