=LDR  01161nas  2200265uu 4500
=000  00568cam\a22001693a\4500
=001  6139
=003  PGUSA
=005  20161217030036.0
=008  040701s2004||||xxu|||||s|||||000\|\eng\d
=040  \\ $a PGUSA $b eng
=042  \\ $a dc
=050  \4$aT
=100  1\ $a Waters, Theodore, $d 1870-
=245  10 $a Marvels of Modern Science $h [electronic resource] / $c Theodore Waters
=260  \\ $b Project Gutenberg, $c 2004
=505  0\ $a Flying machines -- Wireless telegraphy -- Radium -- Moving pictures -- Sky-scrapers and how they are built -- Ocean palaces -- Wonderful creations in plant life -- Latest discoveries in archaeology -- Great tunnels of the world -- Electricity in the household -- Harnessing the water-fall -- Wonderful war ships -- A talk on big guns -- Mystery of the stars -- Can we communicate with other worlds?
=506  \\ $a Public domain in the USA.
=516  \\ $a Text
=653  \\ $a Inventions
=653  \\ $a Technology and civilization
=653  \\ $a Science
=653  \\ $a Technology -- Social aspects
=830  \0 $a Project Gutenberg $v 6139
=856  40 $u http://www.gutenberg.org/ebooks/6139

