=LDR  00678nas  2200217uu 4500
=000  00568cam\a22001693a\4500
=001  6140
=003  PGUSA
=005  20161217030036.0
=008  040701s2004||||xxu|||||s|||||000\1\eng\d
=040  \\ $a PGUSA $b eng
=042  \\ $a dc
=050  \4$aPZ
=100  1\ $a Randall, Homer
=245  10 $a Army Boys on German Soil : $b Our Doughboys Quelling the Mobs $h [electronic resource] / $c Homer Randall
=260  \\ $b Project Gutenberg, $c 2004
=506  \\ $a Public domain in the USA.
=516  \\ $a Text
=653  \\ $a World War, 1914-1918 -- Juvenile fiction
=830  \0 $a Project Gutenberg $v 6140
=856  40 $u http://www.gutenberg.org/ebooks/6140

