=LDR  01313nas  2200361uu 4500
=000  00568cam\a22001693a\4500
=001  6141
=003  PGUSA
=005  20161217030036.0
=008  040701s2004||||xxu|||||s|||||000\1\eng\d
=040  \\ $a PGUSA $b eng
=042  \\ $a dc
=050  \4$aPZ
=100  1\ $a Peck, George W. $q (George Wilbur), $d 1840-1916
=245  10 $a Peck's Bad Boy with the Cowboys $h [electronic resource] / $c George W. Peck
=260  \\ $b Project Gutenberg, $c 2004
=506  \\ $a Public domain in the USA.
=516  \\ $a Text
=653  \\ $a Animals -- Juvenile fiction
=653  \\ $a Ransom -- Juvenile fiction
=653  \\ $a Indians of North America -- Juvenile fiction
=653  \\ $a Adventure and adventurers -- Juvenile fiction
=653  \\ $a Wit and humor, Juvenile
=653  \\ $a Outdoor life -- Juvenile fiction
=653  \\ $a Train robberies -- Juvenile fiction
=653  \\ $a Conduct of life -- Juvenile fiction
=653  \\ $a Voyages and travels -- Juvenile fiction
=653  \\ $a Cowboys -- Juvenile fiction
=653  \\ $a Boys -- Conduct of life -- Juvenile fiction
=653  \\ $a Fathers and sons -- Juvenile fiction
=653  \\ $a Kidnapping -- Juvenile fiction
=830  \0 $a Project Gutenberg $v 6141
=856  40 $u http://www.gutenberg.org/ebooks/6141

