=LDR  00713nas  2200241uu 4500
=000  00568cam\a22001693a\4500
=001  6142
=003  PGUSA
=005  20161217030036.0
=008  040701s2004||||xxu|||||s|||||000\1\eng\d
=040  \\ $a PGUSA $b eng
=042  \\ $a dc
=050  \4$aPS
=050  \4$aPZ
=100  1\ $a Meade, L. T., $d 1854-1914
=245  12 $a A Girl of the People $h [electronic resource] / $c L. T. Meade
=260  \\ $b Project Gutenberg, $c 2004
=506  \\ $a Public domain in the USA.
=516  \\ $a Text
=653  \\ $a Women in charitable work -- England -- Fiction
=653  \\ $a Young women -- Fiction
=830  \0 $a Project Gutenberg $v 6142
=856  40 $u http://www.gutenberg.org/ebooks/6142

