=LDR  01222nas  2200241uu 4500
=000  00568cam\a22001693a\4500
=001  6143
=003  PGUSA
=005  20161217030036.0
=008  040701s2004||||xxu|||||s|||||000\|\eng\d
=040  \\ $a PGUSA $b eng
=042  \\ $a dc
=050  \4$aPS
=100  1\ $a Mabie, Hamilton Wright, $d 1846-1916
=245  10 $a Essays on Work and Culture $h [electronic resource] / $c Hamilton Wright Mabie
=260  \\ $b Project Gutenberg, $c 2004
=505  0\ $a Tool or man? -- The man in the work -- Work as self-expression -- The pain of youth -- The year of wandering -- The ultimate test -- Liberation -- The larger education -- Fellowship -- Work and pessimism -- The educational attitude -- Special training -- General training -- The ultimate aim -- Securing right conditions -- Concentration -- Relaxation -- Recreation -- Ease of mood -- Sharing the race-fortune -- The imagination in work -- The play of the imagination -- Character -- Freedom from self-consciousness -- Consummation.
=506  \\ $a Public domain in the USA.
=516  \\ $a Text
=653  \\ $a Conduct of life
=653  \\ $a Work
=830  \0 $a Project Gutenberg $v 6143
=856  40 $u http://www.gutenberg.org/ebooks/6143

