=LDR  00756nas  2200217uu 4500
=000  00568cam\a22001693a\4500
=001  6144
=003  PGUSA
=005  20161217030036.0
=008  040701s2004||||xxu|||||s|||||000\|\eng\d
=040  \\ $a PGUSA $b eng
=042  \\ $a dc
=050  \4$aBX
=110  1\ $a Episcopal Church. Diocese of Connecticut
=245  10 $a Report of Commemorative Services with the Sermons and Addresses at the Seabury Centenary, 1883-1885. $h [electronic resource] / $c Episcopal Church. Diocese of Connecticut
=260  \\ $b Project Gutenberg, $c 2004
=506  \\ $a Public domain in the USA.
=516  \\ $a Text
=653  \\ $a Seabury, Samuel, 1729-1796
=830  \0 $a Project Gutenberg $v 6144
=856  40 $u http://www.gutenberg.org/ebooks/6144

