=LDR  02136nas  2200253uu 4500
=000  00568cam\a22001693a\4500
=001  6145
=003  PGUSA
=005  20161217030036.0
=008  040701s2004||||xxu|||||s|||||000\|\eng\d
=040  \\ $a PGUSA $b eng
=042  \\ $a dc
=050  \4$aGR
=100  1\ $a Temple, Richard Carnac, $c Sir, $d 1850-1931
=245  10 $a Tales of the Punjab : $b Folklore of India $h [electronic resource] / $c Richard Carnac, Temple
=260  \\ $b Project Gutenberg, $c 2004
=505  0\ $a Sir Buzz -- The rat's wedding -- The faithful prince -- The bear's bad bargain -- Prince Lionheart and his three friends -- The Lambikin -- Bopolûchî -- Princess Aubergine -- Valiant Vicky, the brave weaver -- The son of seven mothers -- The sparrow and the crow -- The tiger, the brâhman, and the jackal -- The king of the crocodiles -- Little anklebone -- The close alliance -- The two brothers -- The jackal and the iguana -- The death and burial of poor hen-sparrow -- Princess Pepperina -- Peasie and Beansie -- The jackal and the partridge -- The snake-woman and king Ali Mardan -- The wonderful ring -- The jackal and the pea-hen -- The grain of corn -- The farmer and the money-lender -- The lord of death -- The wrestlers -- The legend of Gwâshbrâri, the glacier-hearted queen -- The barber's clever wife -- The jackal and the crocodile -- How Raja Rasâlu was born -- How Raja Rasâlu went out into the world -- How Raja Rasâlu's friends forsook him -- How Raja Rasâlu killed the giants -- How Raja Rasâlu became a Jôgi -- How Raja Rasâlu journeyed to the city of King Sarkap -- How Raja Rasâlu swung the seventy fair maidens, daughters of the king -- How Raja Rasâlu played chaupur with King Sarkap -- The king who was fried -- Prince Half-a-son -- The mother and daughter who worshipped the sun -- The Ruby Prince.
=506  \\ $a Public domain in the USA.
=516  \\ $a Text
=653  \\ $a Tales -- India -- Punjab
=653  \\ $a Folklore -- India
=653  \\ $a Panjabis (South Asian people) -- Folklore
=830  \0 $a Project Gutenberg $v 6145
=856  40 $u http://www.gutenberg.org/ebooks/6145

