=LDR  00780nas  2200241uu 4500
=000  00568cam\a22001693a\4500
=001  6146
=003  PGUSA
=005  20161217030036.0
=008  040701s2004||||xxu|||||s|||||000\e\eng\d
=040  \\ $a PGUSA $b eng
=042  \\ $a dc
=050  \4$aPR
=100  1\ $a De Quincey, Thomas, $d 1785-1859
=245  10 $a Narrative and Miscellaneous Papers — Volume 1 $h [electronic resource] / $c Thomas De Quincey
=260  \\ $b Project Gutenberg, $c 2004
=505  0\ $a The household wreck -- The Spanish nun -- Flight of a Tartar tribe.
=506  \\ $a Public domain in the USA.
=516  \\ $a Text
=653  \\ $a English fiction
=653  \\ $a English essays
=830  \0 $a Project Gutenberg $v 6146
=856  40 $u http://www.gutenberg.org/ebooks/6146

