=LDR  00860nas  2200229uu 4500
=000  00568cam\a22001693a\4500
=001  6147
=003  PGUSA
=005  20161217030036.0
=008  040701s2004||||xxu|||||s|||||000\e\eng\d
=040  \\ $a PGUSA $b eng
=042  \\ $a dc
=050  \4$aPR
=100  1\ $a De Quincey, Thomas, $d 1785-1859
=245  10 $a Narrative and Miscellaneous Papers — Volume 2 $h [electronic resource] / $c Thomas De Quincey
=260  \\ $b Project Gutenberg, $c 2004
=505  0\ $a System of the heavens as revealed by Lord Rosse's telescopes -- Modern superstition -- Coleridge and opium-eating -- Temperance movement -- On war -- The last days of Immanuel Kant.
=506  \\ $a Public domain in the USA.
=516  \\ $a Text
=653  \\ $a English essays
=830  \0 $a Project Gutenberg $v 6147
=856  40 $u http://www.gutenberg.org/ebooks/6147

