=LDR  00770nas  2200253uu 4500
=000  00568cam\a22001693a\4500
=001  6150
=003  PGUSA
=005  20161217030036.0
=008  040701s2004||||xxu|||||s|||||000\p\eng\d
=040  \\ $a PGUSA $b eng
=042  \\ $a dc
=050  \4$aPA
=100  1\ $a Homer, $d -750--650
=245  14 $a The Iliad $h [electronic resource] / $c Homer
=260  \\ $b Project Gutenberg, $c 2004
=506  \\ $a Public domain in the USA.
=516  \\ $a Text
=653  \\ $a Epic poetry, Greek -- Translations into English
=653  \\ $a Achilles (Mythological character) -- Poetry
=653  \\ $a Classical literature
=653  \\ $a Trojan War -- Poetry
=830  \0 $a Project Gutenberg $v 6150
=856  40 $u http://www.gutenberg.org/ebooks/6150

