=LDR  00698nas  2200217uu 4500
=000  00568cam\a22001693a\4500
=001  6153
=003  PGUSA
=005  20161217030036.0
=008  061020s2006||||xxu|||||s|||||000\|\eng\d
=040  \\ $a PGUSA $b eng
=042  \\ $a dc
=050  \4$aDF
=100  1\ $a Lytton, Edward Bulwer Lytton, Baron, $d 1803-1873
=245  10 $a Athens : $b Its Rise and Fall, Book III $h [electronic resource] / $c Edward Bulwer Lytton, Baron Lytton
=260  \\ $b Project Gutenberg, $c 2006
=506  \\ $a Public domain in the USA.
=516  \\ $a Text
=653  \\ $a Athens (Greece) -- History
=830  \0 $a Project Gutenberg $v 6153
=856  40 $u http://www.gutenberg.org/ebooks/6153

