=LDR  00804nas  2200241uu 4500
=000  00568cam\a22001693a\4500
=001  6157
=003  PGUSA
=005  20161217030036.0
=008  040701s2004||||xxu|||||s|||||000\1\eng\d
=040  \\ $a PGUSA $b eng
=042  \\ $a dc
=050  \4$aPG
=100  1\ $a Maude, Louise, $d 1855-1939
=245  10 $a What Men Live By, and Other Tales $h [electronic resource] / $c Louise Maude
=260  \\ $b Project Gutenberg, $c 2004
=505  0\ $a What men live by -- Three questions -- The coffee-house of Surat -- How much land does a man need?
=506  \\ $a Public domain in the USA.
=516  \\ $a Text
=653  \\ $a Peasants -- Russia -- Fiction
=653  \\ $a Russia -- Fiction
=830  \0 $a Project Gutenberg $v 6157
=856  40 $u http://www.gutenberg.org/ebooks/6157

