=LDR  00813nas  2200253uu 4500
=000  00568cam\a22001693a\4500
=001  6158
=003  PGUSA
=005  20161217030036.0
=008  040701s2004||||xxu|||||s|||||000\|\eng\d
=040  \\ $a PGUSA $b eng
=042  \\ $a dc
=050  \4$aPE
=050  \4$aJK
=100  1\ $a Markwick, William Fisher, $d 1848-1911
=245  14 $a The True Citizen : $b How to Become One $h [electronic resource] / $c William Fisher Markwick
=260  \\ $b Project Gutenberg, $c 2004
=506  \\ $a Public domain in the USA.
=516  \\ $a Text
=653  \\ $a Readers -- Citizenship
=653  \\ $a Conduct of life -- Problems, exercises, etc.
=653  \\ $a Citizenship -- Problems, exercises, etc.
=830  \0 $a Project Gutenberg $v 6158
=856  40 $u http://www.gutenberg.org/ebooks/6158

