=LDR  00714nas  2200229uu 4500
=000  00568cam\a22001693a\4500
=001  6160
=003  PGUSA
=005  20161217030036.0
=008  040701s2004||||xxu|||||s|||||000\|\eng\d
=040  \\ $a PGUSA $b eng
=042  \\ $a dc
=050  \4$aBX
=100  1\ $a Railton, George S. $q (George Scott), $d 1849-1913
=245  10 $a Fletcher of Madeley $h [electronic resource] / $c George S. Railton
=260  \\ $b Project Gutenberg, $c 2004
=506  \\ $a Public domain in the USA.
=516  \\ $a Text
=653  \\ $a Methodists -- England -- Biography
=653  \\ $a Fletcher, John, 1729-1785
=830  \0 $a Project Gutenberg $v 6160
=856  40 $u http://www.gutenberg.org/ebooks/6160

