=LDR  01007nas  2200277uu 4500
=000  00568cam\a22001693a\4500
=001  6162
=003  PGUSA
=005  20161217030036.0
=008  040701s2004||||xxu|||||s|||||000\1\eng\d
=040  \\ $a PGUSA $b eng
=042  \\ $a dc
=050  \4$aPZ
=100  1\ $a Alger, Horatio, $c Jr, $d 1832-1899
=245  10 $a Herbert Carter's Legacy; Or, the Inventor's Son $h [electronic resource] / $c Horatio, Alger
=260  \\ $b Project Gutenberg, $c 2004
=506  \\ $a Public domain in the USA.
=516  \\ $a Text
=653  \\ $a New York (State) -- History -- 19th century -- Juvenile fiction
=653  \\ $a Conduct of life -- Juvenile fiction
=653  \\ $a Country life -- New York (State) -- Juvenile fiction
=653  \\ $a Inheritance and succession -- Juvenile fiction
=653  \\ $a Mothers and sons -- Juvenile fiction
=653  \\ $a Social classes -- Juvenile fiction
=830  \0 $a Project Gutenberg $v 6162
=856  40 $u http://www.gutenberg.org/ebooks/6162

