=LDR  00765nas  2200229uu 4500
=000  00568cam\a22001693a\4500
=001  6163
=003  PGUSA
=005  20161217030036.0
=008  040701s2004||||xxu|||||s|||||000\|\eng\d
=040  \\ $a PGUSA $b eng
=042  \\ $a dc
=050  \4$aCT
=100  1\ $a Russell, William Ingraham
=245  14 $a The Romance and Tragedy of a Widely Known Business Man of New York $h [electronic resource] / $c William Ingraham Russell
=260  \\ $b Project Gutenberg, $c 2004
=506  \\ $a Public domain in the USA.
=516  \\ $a Text
=653  \\ $a Businessmen -- New York (State) -- New York -- Biography
=653  \\ $a Russell, William Ingraham
=830  \0 $a Project Gutenberg $v 6163
=856  40 $u http://www.gutenberg.org/ebooks/6163

