=LDR  01343nas  2200265uu 4500
=000  00568cam\a22001693a\4500
=001  6164
=003  PGUSA
=005  20161217030036.0
=008  040701s2004||||xxu|||||s|||||000\|\eng\d
=040  \\ $a PGUSA $b eng
=042  \\ $a dc
=050  \4$aQH
=100  1\ $a Jefferies, Richard, $d 1848-1887
=245  14 $a The Life of the Fields $h [electronic resource] / $c Richard Jefferies
=260  \\ $b Project Gutenberg, $c 2004
=505  0\ $a The pageant of summer -- The field-play -- Bits of oak bark -- Meadow thoughts -- Clematis lane -- Nature near Brighton -- Sea, sky, and down -- January in the Sussex woods -- By the Exe -- The water-colley -- Notes on landscape painting -- Village miners -- Mind under water -- Sport and science -- Nature and the gamekeeper -- The sacrifice to trout -- The hovering of the kestrel -- Birds climbing the air -- Country literature -- Sunlight in a London square -- Venice in the east end -- The pigeons at the British museum -- The plainest city in Europe.
=506  \\ $a Public domain in the USA.
=516  \\ $a Text
=653  \\ $a Paris (France) -- Description and travel
=653  \\ $a Nature study
=653  \\ $a Nature
=653  \\ $a Natural history -- Outdoor books
=830  \0 $a Project Gutenberg $v 6164
=856  40 $u http://www.gutenberg.org/ebooks/6164

