=LDR  00748nas  2200241uu 4500
=000  00568cam\a22001693a\4500
=001  6165
=003  PGUSA
=005  20161217030036.0
=008  040701s2004||||xxu|||||s|||||000\1\eng\d
=040  \\ $a PGUSA $b eng
=042  \\ $a dc
=050  \4$aPZ
=100  1\ $a Webster, Frank V.
=245  10 $a Cowboy Dave; Or, The Round-up at Rolling River $h [electronic resource] / $c Frank V. Webster
=260  \\ $b Project Gutenberg, $c 2004
=506  \\ $a Public domain in the USA.
=516  \\ $a Text
=653  \\ $a Orphans -- Juvenile fiction
=653  \\ $a Ranches -- Juvenile fiction
=653  \\ $a Cowboys -- Juvenile fiction
=830  \0 $a Project Gutenberg $v 6165
=856  40 $u http://www.gutenberg.org/ebooks/6165

