=LDR  00643nas  2200217uu 4500
=000  00568cam\a22001693a\4500
=001  6166
=003  PGUSA
=005  20161217030036.0
=008  040701s2004||||xxu|||||s|||||000\|\eng\d
=040  \\ $a PGUSA $b eng
=042  \\ $a dc
=050  \4$aPR
=100  1\ $a Cornwall, Barry, $d 1787-1874
=245  10 $a Charles Lamb : $b A Memoir $h [electronic resource] / $c Barry Cornwall
=260  \\ $b Project Gutenberg, $c 2004
=506  \\ $a Public domain in the USA.
=516  \\ $a Text
=653  \\ $a Lamb, Charles, 1775-1834
=830  \0 $a Project Gutenberg $v 6166
=856  40 $u http://www.gutenberg.org/ebooks/6166

