=LDR  00699nas  2200229uu 4500
=000  00568cam\a22001693a\4500
=001  6167
=003  PGUSA
=005  20161217030036.0
=008  040701s2004||||xxu|||||s|||||000\|\eng\d
=040  \\ $a PGUSA $b eng
=042  \\ $a dc
=050  \4$aHF
=100  1\ $a Calhoun, A. R. $q (Alfred Rochefort), $d 1844-
=245  10 $a Business Hints for Men and Women $h [electronic resource] / $c A. R. Calhoun
=260  \\ $b Project Gutenberg, $c 2004
=506  \\ $a Public domain in the USA.
=516  \\ $a Text
=653  \\ $a Business
=653  \\ $a Commercial law -- United States
=830  \0 $a Project Gutenberg $v 6167
=856  40 $u http://www.gutenberg.org/ebooks/6167

