=LDR  01988nas  2200253uu 4500
=000  00568cam\a22001693a\4500
=001  6168
=003  PGUSA
=005  20161217030036.0
=008  040701s2004||||xxu|||||s|||||000\|\eng\d
=040  \\ $a PGUSA $b eng
=042  \\ $a dc
=050  \4$aPZ
=100  1\ $a Baldwin, James, $d 1841-1925
=245  10 $a Fifty Famous People : $b A Book of Short Stories $h [electronic resource] / $c James Baldwin
=260  \\ $b Project Gutenberg, $c 2004
=505  0\ $a Saving the birds -- Another bird story -- Speaking a piece -- Writing a composition -- The whistle -- The Ettrick Shepherd -- The Caliph and the poet -- "Beccos! Beccos! Beccos!" -- A lesson in humility -- The midnight ride -- The boy and the wolf -- Another wolf story -- The horseshoe nails -- The landlord's mistake -- A lesson in manners -- Going to sea -- The shepherd-boy painter -- Two great painters -- The king and the bees -- Our first great painter -- The young scout -- The lad who rode sidesaddle -- The whisperers -- How a prince learned to read -- "Read, and you will know" -- The young cupbearer -- The sons of the Caliph -- The boy and the robbers -- A lesson in justice -- The general and the fox -- The bomb -- A story of old Rome -- Saved by a dolphin -- "Little brothers of the air" -- A clever slave -- One of Aesop's fables -- The dark day -- The surly guest -- The story of a great story -- The king and the page -- The hunted king -- "Try, try again!" -- Why he carried the turkey -- The paddle-wheel boat -- The Caliph and the gardener -- The cowherd who become a poet -- The lover of men -- The charocoal man and the king -- Which was the king? -- The golden tripod.
=506  \\ $a Public domain in the USA.
=516  \\ $a Text
=653  \\ $a Conduct of life -- Juvenile literature
=653  \\ $a Character -- Juvenile literature
=653  \\ $a Heroes -- Juvenile literature
=830  \0 $a Project Gutenberg $v 6168
=856  40 $u http://www.gutenberg.org/ebooks/6168

