=LDR  00630nas  2200217uu 4500
=000  00568cam\a22001693a\4500
=001  6172
=003  PGUSA
=005  20161217030036.0
=008  040701s2004||||xxu|||||s|||||000\|\eng\d
=040  \\ $a PGUSA $b eng
=042  \\ $a dc
=050  \4$aBL
=100  1\ $a Blatchford, Robert, $d 1851-1943
=245  10 $a God and My Neighbour $h [electronic resource] / $c Robert Blatchford
=260  \\ $b Project Gutenberg, $c 2004
=506  \\ $a Public domain in the USA.
=516  \\ $a Text
=653  \\ $a Agnosticism
=830  \0 $a Project Gutenberg $v 6172
=856  40 $u http://www.gutenberg.org/ebooks/6172

