=LDR  00679nas  2200217uu 4500
=000  00568cam\a22001693a\4500
=001  6173
=003  PGUSA
=005  20161217030036.0
=008  040701s2004||||xxu|||||s|||||000\|\eng\d
=040  \\ $a PGUSA $b eng
=042  \\ $a dc
=050  \4$aPR
=100  1\ $a Butler, Samuel, $d 1835-1902
=245  14 $a The Note-Books of Samuel Butler $h [electronic resource] / $c Samuel Butler
=260  \\ $b Project Gutenberg, $c 2004
=506  \\ $a Public domain in the USA.
=516  \\ $a Text
=653  \\ $a Butler, Samuel, 1835-1902 -- Notebooks, sketchbooks, etc.
=830  \0 $a Project Gutenberg $v 6173
=856  40 $u http://www.gutenberg.org/ebooks/6173

