=LDR  00822nas  2200241uu 4500
=000  00568cam\a22001693a\4500
=001  6176
=003  PGUSA
=005  20161217030036.0
=008  040701s2004||||xxu|||||s|||||000\1\eng\d
=040  \\ $a PGUSA $b eng
=042  \\ $a dc
=050  \4$aPS
=100  1\ $a Parker, Gilbert, $d 1862-1932
=245  10 $a Pierre and His People : $b Tales of the Far North. Volume 3. $h [electronic resource] / $c Gilbert Parker
=260  \\ $b Project Gutenberg, $c 2004
=505  0\ $a Shon McGann's tobogan ride -- Père Champagne -- The Scarlet Hunter -- The stone.
=506  \\ $a Public domain in the USA.
=516  \\ $a Text
=653  \\ $a Short stories, Canadian
=653  \\ $a Canada, Northern -- Fiction
=830  \0 $a Project Gutenberg $v 6176
=856  40 $u http://www.gutenberg.org/ebooks/6176

