=LDR  01130nas  2200241uu 4500
=000  00568cam\a22001693a\4500
=001  6179
=003  PGUSA
=005  20161217030036.0
=008  041116s2004||||xxu|||||s|||||000\1\eng\d
=040  \\ $a PGUSA $b eng
=042  \\ $a dc
=050  \4$aPS
=100  1\ $a Parker, Gilbert, $d 1862-1932
=245  10 $a Pierre and His People : $b Tales of the Far North. Complete $h [electronic resource] / $c Gilbert Parker
=260  \\ $b Project Gutenberg, $c 2004
=505  0\ $a The patrol of the Cypress Hills -- God's garrison -- A hazard of the North -- A prairie vagabond -- She of the Triple Chevron -- Three outlaws -- Shon McGann's tobogan ride -- Père Champagne -- The Scarlet Hunter -- The stone -- The tall master -- The crimson flag -- The flood -- In Pipi Valley -- Antoine and Angelique -- The cipher -- A tragedy of nobodies -- A sanctuary of the plains.
=506  \\ $a Public domain in the USA.
=516  \\ $a Text
=653  \\ $a Canada, Northern -- Fiction
=653  \\ $a Short stories, Canadian
=830  \0 $a Project Gutenberg $v 6179
=856  40 $u http://www.gutenberg.org/ebooks/6179

