=LDR  01389nas  2200241uu 4500
=000  00568cam\a22001693a\4500
=001  6185
=003  PGUSA
=005  20161217030036.0
=008  041116s2004||||xxu|||||s|||||000\1\eng\d
=040  \\ $a PGUSA $b eng
=042  \\ $a dc
=050  \4$aPS
=100  1\ $a Parker, Gilbert, $d 1862-1932
=245  12 $a A Romany of the Snows, Complete : $b $b Being a Continuation of the Personal Histories of "Pierre and His People" and the Last Existing Records of Pretty Pierre $h [electronic resource] / $c Gilbert Parker
=260  \\ $b Project Gutenberg, $c 2004
=505  0\ $a Across the jumping sandhills -- A lovely bully -- The filibuster -- The gift of the simple king -- Malachi -- The lake of the Great Slave -- The Red Patrol -- The going of the white swan -- At Bamber's Boom -- The Bridge House -- The epaulettes -- The house with the broken shutter -- The finding of Fingall -- Three commandments in the vulgar tongue -- Little Babiche -- At Point o' Bugles -- The spoil of the puma -- The trail of the sun dogs -- The pilot of Belle Amour -- The cruise of the "Ninety-Nine" -- Romany of the snows -- The plunderer.
=506  \\ $a Public domain in the USA.
=516  \\ $a Text
=653  \\ $a Canada, Northern -- Fiction
=653  \\ $a Short stories, Canadian
=830  \0 $a Project Gutenberg $v 6185
=856  40 $u http://www.gutenberg.org/ebooks/6185

