=LDR  01084nas  2200229uu 4500
=000  00568cam\a22001693a\4500
=001  6191
=003  PGUSA
=005  20161217030036.0
=008  041116s2004||||xxu|||||s|||||000\1\eng\d
=040  \\ $a PGUSA $b eng
=042  \\ $a dc
=050  \4$aPS
=100  1\ $a Parker, Gilbert, $d 1862-1932
=245  10 $a Northern Lights, Complete $h [electronic resource] / $c Gilbert Parker
=260  \\ $b Project Gutenberg, $c 2004
=505  0\ $a A lodge in the wilderness -- One at Red Man's River -- The stroke of the hour -- Buckmaster's boy -- To-morrow -- Qu'appelle -- The stake and the plumb-line -- When the swallows homeward fly -- George's wife -- Marcile -- A man, a famine, and a heathen boy -- The healing springs and the pioneers -- The little widow of Jansen -- Watching the rise of Orion -- The error of the day -- The whisperer -- As deep as the sea.
=506  \\ $a Public domain in the USA.
=516  \\ $a Text
=653  \\ $a Canada, Northern -- Fiction
=830  \0 $a Project Gutenberg $v 6191
=856  40 $u http://www.gutenberg.org/ebooks/6191

