=LDR  00841nas  2200229uu 4500
=000  00568cam\a22001693a\4500
=001  6198
=003  PGUSA
=005  20161217030036.0
=008  040701s2004||||xxu|||||s|||||000\1\eng\d
=040  \\ $a PGUSA $b eng
=042  \\ $a dc
=050  \4$aPS
=100  1\ $a Parker, Gilbert, $d 1862-1932
=245  10 $a Cumner's Son and Other South Sea Folk — Volume 04 $h [electronic resource] / $c Gilbert Parker
=260  \\ $b Project Gutenberg, $c 2004
=505  0\ $a A sable Spartan -- A vulgar fraction -- How Pango Wango was annexed -- An amiable revenge -- The blind beggar and the little red peg -- A friend of the commune.
=506  \\ $a Public domain in the USA.
=516  \\ $a Text
=653  \\ $a Oceania -- Fiction
=830  \0 $a Project Gutenberg $v 6198
=856  40 $u http://www.gutenberg.org/ebooks/6198

