=LDR  00820nas  2200229uu 4500
=000  00568cam\a22001693a\4500
=001  6200
=003  PGUSA
=005  20161217030036.0
=008  040701s2004||||xxu|||||s|||||000\|\eng\d
=040  \\ $a PGUSA $b eng
=042  \\ $a dc
=050  \4$aDF
=100  1\ $a Dickinson, G. Lowes $q (Goldsworthy Lowes), $d 1862-1932
=245  14 $a The Greek View of Life $h [electronic resource] / $c G. Lowes Dickinson
=260  \\ $b Project Gutenberg, $c 2004
=505  0\ $a The Greek view of religion -- The Greek view of the state -- The Greek view of the individual -- The Greek view of art -- Conclusion.
=506  \\ $a Public domain in the USA.
=516  \\ $a Text
=653  \\ $a Greece -- Civilization
=830  \0 $a Project Gutenberg $v 6200
=856  40 $u http://www.gutenberg.org/ebooks/6200

