=LDR  01101nas  2200229uu 4500
=000  00568cam\a22001693a\4500
=001  6201
=003  PGUSA
=005  20161217030036.0
=008  041116s2004||||xxu|||||s|||||000\1\eng\d
=040  \\ $a PGUSA $b eng
=042  \\ $a dc
=050  \4$aPS
=100  1\ $a Parker, Gilbert, $d 1862-1932
=245  10 $a Cumner's Son and Other South Sea Folk — Complete $h [electronic resource] / $c Gilbert Parker
=260  \\ $b Project Gutenberg, $c 2004
=505  0\ $a Cumner's son -- The high court of Budgery-Gar -- An epic in yellow -- Dibbs, R.N. -- A little masquerade -- Derelict -- Old roses -- My wife's lovers -- The stranger's hut -- The planter's wife -- Barbara Golding -- The lone corvette -- A sable Spartan -- A vulgar fraction -- How Pango Wango was annexed -- An amiable revenge -- The blind beggar and the little red peg -- A friend of the commune -- A pagan of the south.
=506  \\ $a Public domain in the USA.
=516  \\ $a Text
=653  \\ $a Oceania -- Fiction
=830  \0 $a Project Gutenberg $v 6201
=856  40 $u http://www.gutenberg.org/ebooks/6201

