=LDR  01256nas  2200241uu 4500
=000  00568cam\a22001693a\4500
=001  6241
=003  PGUSA
=005  20161217030036.0
=008  041118s2004||||xxu|||||s|||||000\1\eng\d
=040  \\ $a PGUSA $b eng
=042  \\ $a dc
=050  \4$aPS
=100  1\ $a Parker, Gilbert, $d 1862-1932
=245  14 $a The Lane That Had No Turning, Complete $h [electronic resource] / $c Gilbert Parker
=260  \\ $b Project Gutenberg, $c 2004
=505  0\ $a The lane that had no turning -- The absurd romance of P'tite Louison -- The little bell of honour -- A son of the wilderness -- A worker in stone -- The tragic comedy of Annette -- The marriage of the miller -- Mathurin -- The story of the lime-burner -- The woodsman's story of the great white chief -- Uncle Jim -- The house with the tall porch -- Parpon the dwarf -- Times were hard in Pontiac -- Medallion's whim -- The prisoner -- An upset price -- A fragment of lives -- The man that died at Alma -- The Baron of Beaugard -- The tune McGilveray played.
=506  \\ $a Public domain in the USA.
=516  \\ $a Text
=653  \\ $a Canadian fiction
=653  \\ $a Short stories
=830  \0 $a Project Gutenberg $v 6241
=856  40 $u http://www.gutenberg.org/ebooks/6241

