=LDR  00938nas  2200253uu 4500
=000  00568cam\a22001693a\4500
=001  6242
=003  PGUSA
=005  20161217030036.0
=008  041118s2004||||xxu|||||s|||||000\1\eng\d
=040  \\ $a PGUSA $b eng
=042  \\ $a dc
=050  \4$aPS
=100  1\ $a Parker, Gilbert, $d 1862-1932
=245  10 $a Parables of a Province $h [electronic resource] / $c Gilbert Parker
=260  \\ $b Project Gutenberg, $c 2004
=505  0\ $a The golden pipes -- The guardian of the fire -- By that place called Peradventure -- The singing of the bees -- The white omen -- The sojourners -- The tent of the purple mat -- There was a little city -- The forge in the valley.
=506  \\ $a Public domain in the USA.
=516  \\ $a Text
=653  \\ $a Parables
=653  \\ $a Short stories
=653  \\ $a Canadian fiction
=830  \0 $a Project Gutenberg $v 6242
=856  40 $u http://www.gutenberg.org/ebooks/6242

