=LDR  00796nas  2200241uu 4500
=000  00568cam\a22001693a\4500
=001  6253
=003  PGUSA
=005  20161217030036.0
=008  041118s2004||||xxu|||||s|||||000\1\eng\d
=040  \\ $a PGUSA $b eng
=042  \\ $a dc
=050  \4$aPS
=100  1\ $a Parker, Gilbert, $d 1862-1932
=245  10 $a Michel and Angele [A Ladder of Swords] — Complete $h [electronic resource] / $c Gilbert Parker
=260  \\ $b Project Gutenberg, $c 2004
=506  \\ $a Public domain in the USA.
=516  \\ $a Text
=653  \\ $a Jersey (Channel Islands) -- Fiction
=653  \\ $a Great Britain -- History -- Elizabeth, 1558-1603 -- Fiction
=653  \\ $a Huguenots -- Fiction
=830  \0 $a Project Gutenberg $v 6253
=856  40 $u http://www.gutenberg.org/ebooks/6253

