=LDR  00656nas  2200217uu 4500
=000  00568cam\a22001693a\4500
=001  6254
=003  PGUSA
=005  20161217030036.0
=008  041118s2004||||xxu|||||s|||||000\1\eng\d
=040  \\ $a PGUSA $b eng
=042  \\ $a dc
=050  \4$aPS
=100  1\ $a Parker, Gilbert, $d 1862-1932
=245  10 $a John Enderby $h [electronic resource] / $c Gilbert Parker
=260  \\ $b Project Gutenberg, $c 2004
=506  \\ $a Public domain in the USA.
=516  \\ $a Text
=653  \\ $a Great Britain -- History -- 17th century -- Fiction
=830  \0 $a Project Gutenberg $v 6254
=856  40 $u http://www.gutenberg.org/ebooks/6254

