=LDR  00855nas  2200241uu 4500
=000  00568cam\a22001693a\4500
=001  6256
=003  PGUSA
=005  20161217030036.0
=008  040801s2004||||xxu|||||s|||||000\1\eng\d
=040  \\ $a PGUSA $b eng
=042  \\ $a dc
=050  \4$aPS
=100  1\ $a Parker, Gilbert, $d 1862-1932
=245  10 $a Donovan Pasha, and Some People of Egypt — Volume 1 $h [electronic resource] / $c Gilbert Parker
=260  \\ $b Project Gutenberg, $c 2004
=505  0\ $a While the lamp holds out to burn -- The price of the grindstone and the drum -- The desertion of Mohammed Selim -- On the reef of Norman's woe.
=506  \\ $a Public domain in the USA.
=516  \\ $a Text
=653  \\ $a Short stories
=653  \\ $a Egypt -- Fiction
=830  \0 $a Project Gutenberg $v 6256
=856  40 $u http://www.gutenberg.org/ebooks/6256

