=LDR  00845nas  2200241uu 4500
=000  00568cam\a22001693a\4500
=001  6259
=003  PGUSA
=005  20161217030036.0
=008  040801s2004||||xxu|||||s|||||000\1\eng\d
=040  \\ $a PGUSA $b eng
=042  \\ $a dc
=050  \4$aPS
=100  1\ $a Parker, Gilbert, $d 1862-1932
=245  10 $a Donovan Pasha, and Some People of Egypt — Volume 4 $h [electronic resource] / $c Gilbert Parker
=260  \\ $b Project Gutenberg, $c 2004
=505  0\ $a A young lion of Dedan — He would not be denied — The flower of the flock — The light of other days — The light of other days.
=506  \\ $a Public domain in the USA.
=516  \\ $a Text
=653  \\ $a Short stories
=653  \\ $a Egypt -- Fiction
=830  \0 $a Project Gutenberg $v 6259
=856  40 $u http://www.gutenberg.org/ebooks/6259

