=LDR  01131nas  2200241uu 4500
=000  00568cam\a22001693a\4500
=001  6260
=003  PGUSA
=005  20161217030036.0
=008  041118s2004||||xxu|||||s|||||000\1\eng\d
=040  \\ $a PGUSA $b eng
=042  \\ $a dc
=050  \4$aPS
=100  1\ $a Parker, Gilbert, $d 1862-1932
=245  10 $a Donovan Pasha, and Some People of Egypt — Complete $h [electronic resource] / $c Gilbert Parker
=260  \\ $b Project Gutenberg, $c 2004
=505  0\ $a While the lamp holds out to burn -- The price of the grindstone and the drum -- The desertion of Mohammed Selim -- On the reef of Norman's woe -- Fielding had an orderly -- The eye of the needle -- A treaty of peace -- At the mercy of Tiberius -- All the world's mad -- The man at the wheel -- A tyrant and a lady -- A young lion of Dedan -- He would not be denied -- The flower of the flock -- The light of other days.
=506  \\ $a Public domain in the USA.
=516  \\ $a Text
=653  \\ $a Short stories
=653  \\ $a Egypt -- Fiction
=830  \0 $a Project Gutenberg $v 6260
=856  40 $u http://www.gutenberg.org/ebooks/6260

