=LDR  00625nas  2200217uu 4500
=000  00568cam\a22001693a\4500
=001  6270
=003  PGUSA
=005  20161217030036.0
=008  040801s2004||||xxu|||||s|||||000\p\eng\d
=040  \\ $a PGUSA $b eng
=042  \\ $a dc
=050  \4$aPS
=100  1\ $a Parker, Gilbert, $d 1862-1932
=245  10 $a Embers, Volume 3. $h [electronic resource] / $c Gilbert Parker
=260  \\ $b Project Gutenberg, $c 2004
=506  \\ $a Public domain in the USA.
=516  \\ $a Text
=653  \\ $a Canadian poetry
=830  \0 $a Project Gutenberg $v 6270
=856  40 $u http://www.gutenberg.org/ebooks/6270

