=LDR  00683nas  2200229uu 4500
=000  00568cam\a22001693a\4500
=001  6282
=003  PGUSA
=005  20161217030036.0
=008  040801s2004||||xxu|||||s|||||000\1\eng\d
=040  \\ $a PGUSA $b eng
=042  \\ $a dc
=050  \4$aPS
=100  1\ $a Parker, Gilbert, $d 1862-1932
=245  14 $a The World for Sale, Volume 2. $h [electronic resource] / $c Gilbert Parker
=260  \\ $b Project Gutenberg, $c 2004
=506  \\ $a Public domain in the USA.
=516  \\ $a Text
=653  \\ $a Northwest, Canadian -- Fiction
=653  \\ $a Love stories
=830  \0 $a Project Gutenberg $v 6282
=856  40 $u http://www.gutenberg.org/ebooks/6282

