=LDR  00763nas  2200229uu 4500
=000  00568cam\a22001693a\4500
=001  6301
=003  PGUSA
=005  20161217030036.0
=008  040801s2004||||xxu|||||s|||||000\|\eng\d
=040  \\ $a PGUSA $b eng
=042  \\ $a dc
=050  \4$aDC
=100  1\ $a Lowell, Edward J. $q (Edward Jackson), $d 1845-1894
=245  14 $a The Eve of the French Revolution $h [electronic resource] / $c Edward J. Lowell
=260  \\ $b Project Gutenberg, $c 2004
=506  \\ $a Public domain in the USA.
=516  \\ $a Text
=653  \\ $a France -- Social conditions -- 18th century
=653  \\ $a France -- History -- Revolution, 1789-1799 -- Causes
=830  \0 $a Project Gutenberg $v 6301
=856  40 $u http://www.gutenberg.org/ebooks/6301

