=LDR  00658nas  2200217uu 4500
=000  00568cam\a22001693a\4500
=001  6303
=003  PGUSA
=005  20161217030036.0
=008  040801s2004||||xxu|||||s|||||000\|\eng\d
=040  \\ $a PGUSA $b eng
=042  \\ $a dc
=050  \4$aDC
=100  1\ $a Sumner, Charles, $d 1811-1874
=245  14 $a The Duel Between France and Germany $h [electronic resource] / $c Charles Sumner
=260  \\ $b Project Gutenberg, $c 2004
=506  \\ $a Public domain in the USA.
=516  \\ $a Text
=653  \\ $a Franco-Prussian War, 1870-1871
=830  \0 $a Project Gutenberg $v 6303
=856  40 $u http://www.gutenberg.org/ebooks/6303

