=LDR  00618nas  2200217uu 4500
=000  00568cam\a22001693a\4500
=001  6304
=003  PGUSA
=005  20161217030036.0
=008  040801s2004||||xxu|||||s|||||000\e\eng\d
=040  \\ $a PGUSA $b eng
=042  \\ $a dc
=050  \4$aPR
=100  1\ $a Zangwill, Israel, $d 1864-1926
=245  10 $a Without Prejudice $h [electronic resource] / $c Israel Zangwill
=260  \\ $b Project Gutenberg, $c 2004
=506  \\ $a Public domain in the USA.
=516  \\ $a Text
=653  \\ $a Essays
=830  \0 $a Project Gutenberg $v 6304
=856  40 $u http://www.gutenberg.org/ebooks/6304

