=LDR  00648nas  2200217uu 4500
=000  00568cam\a22001693a\4500
=001  6305
=003  PGUSA
=005  20161217030036.0
=008  040801s2004||||xxu|||||s|||||000\1\eng\d
=040  \\ $a PGUSA $b eng
=042  \\ $a dc
=050  \4$aPS
=100  1\ $a Browne, Porter Emerson, $d 1879-1934
=245  12 $a A Fool There Was $h [electronic resource] / $c Porter Emerson Browne
=260  \\ $b Project Gutenberg, $c 2004
=506  \\ $a Public domain in the USA.
=516  \\ $a Text
=653  \\ $a Femmes fatales -- Fiction
=830  \0 $a Project Gutenberg $v 6305
=856  40 $u http://www.gutenberg.org/ebooks/6305

