=LDR  01361nas  2200349uu 4500
=000  00568cam\a22001693a\4500
=001  6306
=003  PGUSA
=005  20161217030036.0
=008  040801s2004||||xxu|||||s|||||000\|\eng\d
=040  \\ $a PGUSA $b eng
=042  \\ $a dc
=050  \4$aN
=100  1\ $a Hubbard, Elbert, $d 1856-1915
=245  10 $a Little Journeys to the Homes of the Great - Volume 06 : $b $b Little Journeys to the Homes of Eminent Artists $h [electronic resource] / $c Elbert Hubbard
=260  \\ $b Project Gutenberg, $c 2004
=505  0\ $a Raphael -- Leonardo -- Botticelli -- Thorwaldsen -- Gainsborough -- Velasquez -- Corot -- Correggio -- Bellini -- Cellini -- Whistler.
=506  \\ $a Public domain in the USA.
=516  \\ $a Text
=653  \\ $a Gainsborough, Thomas, 1727-1788
=653  \\ $a Velázquez, Diego, 1599-1660
=653  \\ $a Bellini, Giovanni, -1516
=653  \\ $a Whistler, James McNeill, 1834-1903
=653  \\ $a Raphael, 1483-1520
=653  \\ $a Botticelli, Sandro, 1444 or 5-1510
=653  \\ $a Thorvaldsen, Bertel, 1770-1844
=653  \\ $a Correggio, 1489?-1534
=653  \\ $a Corot, Jean-Baptiste-Camille, 1796-1875
=653  \\ $a Cellini, Benvenuto, 1500-1571
=653  \\ $a Leonardo, da Vinci, 1452-1519
=830  \0 $a Project Gutenberg $v 6306
=856  40 $u http://www.gutenberg.org/ebooks/6306

