=LDR  00692nas  2200229uu 4500
=000  00568cam\a22001693a\4500
=001  6307
=003  PGUSA
=005  20161217030036.0
=008  040801s2004||||xxu|||||s|||||000\1\eng\d
=040  \\ $a PGUSA $b eng
=042  \\ $a dc
=050  \4$aPZ
=100  1\ $a Smith, Harry L.
=245  14 $a The Story of a Bold Tin Soldier $h [electronic resource] / $c Harry L. Smith
=260  \\ $b Project Gutenberg, $c 2004
=506  \\ $a Public domain in the USA.
=516  \\ $a Text
=653  \\ $a Military miniatures -- Juvenile fiction
=653  \\ $a Toys -- Juvenile fiction
=830  \0 $a Project Gutenberg $v 6307
=856  40 $u http://www.gutenberg.org/ebooks/6307

