=LDR  00901nas  2200277uu 4500
=000  00568cam\a22001693a\4500
=001  6308
=003  PGUSA
=005  20161217030036.0
=008  040801s2004||||xxu|||||s|||||000\1\eng\d
=040  \\ $a PGUSA $b eng
=042  \\ $a dc
=050  \4$aPR
=100  1\ $a Kingsley, Charles, $d 1819-1875
=245  10 $a Hypatia — or New Foes with an Old Face $h [electronic resource] / $c Charles Kingsley
=260  \\ $b Project Gutenberg, $c 2004
=506  \\ $a Public domain in the USA.
=516  \\ $a Text
=653  \\ $a Hypatia, d. 415 -- Fiction
=653  \\ $a Women philosophers -- Fiction
=653  \\ $a Alexandria (Egypt) -- Fiction
=653  \\ $a Historical fiction
=653  \\ $a Egypt -- History -- 30 B.C.-640 A.D. -- Fiction
=653  \\ $a Biographical fiction
=830  \0 $a Project Gutenberg $v 6308
=856  40 $u http://www.gutenberg.org/ebooks/6308

