=LDR  00979nas  2200277uu 4500
=000  00568cam\a22001693a\4500
=001  6309
=003  PGUSA
=005  20161217030036.0
=008  040801s2004||||xxu|||||s|||||000\1\fre\d
=040  \\ $a PGUSA $b fre
=042  \\ $a dc
=050  \4$aPQ
=100  1\ $a Tinseau, Léon de, $d 1844-1921
=245  10 $a Ma Cousine Pot-Au-Feu $h [electronic resource] / $c Léon de Tinseau
=260  \\ $b Project Gutenberg, $c 2004
=506  \\ $a Public domain in the USA.
=516  \\ $a Text
=653  \\ $a France -- History -- July Revolution, 1830 -- Fiction
=653  \\ $a France -- Social life and customs -- 19th century -- Fiction
=653  \\ $a France -- History -- Louis Philippe, 1830-1848 -- Fiction
=653  \\ $a Cousins -- Fiction
=653  \\ $a Families -- Fiction
=653  \\ $a Upper class -- France -- History -- 19th century -- Fiction
=830  \0 $a Project Gutenberg $v 6309
=856  40 $u http://www.gutenberg.org/ebooks/6309

