=LDR  00675nas  2200229uu 4500
=000  00568cam\a22001693a\4500
=001  6310
=003  PGUSA
=005  20161217030036.0
=008  040801s2004||||xxu|||||s|||||000\1\eng\d
=040  \\ $a PGUSA $b eng
=042  \\ $a dc
=050  \4$aPS
=100  1\ $a Walter, William W., $d 1869-
=245  14 $a The Pastor's Son $h [electronic resource] / $c William W. Walter
=260  \\ $b Project Gutenberg, $c 2004
=506  \\ $a Public domain in the USA.
=516  \\ $a Text
=653  \\ $a Religious fiction
=653  \\ $a Christian Science -- Fiction
=830  \0 $a Project Gutenberg $v 6310
=856  40 $u http://www.gutenberg.org/ebooks/6310

