=LDR  00687nas  2200229uu 4500
=000  00568cam\a22001693a\4500
=001  6311
=003  PGUSA
=005  20161217030036.0
=008  040801s2004||||xxu|||||s|||||000\1\eng\d
=040  \\ $a PGUSA $b eng
=042  \\ $a dc
=050  \4$aPS
=100  1\ $a Roe, Edward Payson, $d 1838-1888
=245  12 $a A Knight of the Nineteenth Century $h [electronic resource] / $c Edward Payson Roe
=260  \\ $b Project Gutenberg, $c 2004
=506  \\ $a Public domain in the USA.
=516  \\ $a Text
=653  \\ $a Fiction
=740  0\ $a A Knight of the 19th Century
=830  \0 $a Project Gutenberg $v 6311
=856  40 $u http://www.gutenberg.org/ebooks/6311

