=LDR  01157nas  2200301uu 4500
=000  00568cam\a22001693a\4500
=001  6312
=003  PGUSA
=005  20161217030036.0
=008  040801s2004||||xxu|||||s|||||000\|\eng\d
=040  \\ $a PGUSA $b eng
=042  \\ $a dc
=050  \4$aPS
=100  1\ $a Emerson, Ralph Waldo, $d 1803-1882
=245  10 $a Representative Men : $b Seven Lectures $h [electronic resource] / $c Ralph Waldo Emerson
=260  \\ $b Project Gutenberg, $c 2004
=505  0\ $a Uses of great men -- Plato, or the philosopher -- Swedenborg, or the mystic -- Montaigne, or the skeptic -- Shakespeare, or the poet -- Napoleon, or the man of the world -- Goethe, or the writer.
=506  \\ $a Public domain in the USA.
=516  \\ $a Text
=653  \\ $a Goethe, Johann Wolfgang von, 1749-1832
=653  \\ $a Montaigne, Michel de, 1533-1592
=653  \\ $a Biography
=653  \\ $a Shakespeare, William, 1564-1616
=653  \\ $a Napoleon I, Emperor of the French, 1769-1821
=653  \\ $a Plato
=653  \\ $a Swedenborg, Emanuel, 1688-1772
=830  \0 $a Project Gutenberg $v 6312
=856  40 $u http://www.gutenberg.org/ebooks/6312

