=LDR  01621nas  2200217uu 4500
=000  00568cam\a22001693a\4500
=001  6313
=003  PGUSA
=005  20161217030036.0
=008  040801s2004||||xxu|||||s|||||000\i\eng\d
=040  \\ $a PGUSA $b eng
=042  \\ $a dc
=050  \4$aPN
=245  10 $a Masterpieces of American Wit and Humor $h [electronic resource]
=260  \\ $b Project Gutenberg, $c 2004
=505  0\ $a A Plea for Humor / A. Repplier -- An Unmarried Female / M. Holley -- Selections from a Brace of Boys / F. Ludlow -- Rheumatism Movement Cure / R. J. Burdette -- An Aphorism and a Lecture / O. W. Holmes -- The Harp of a Thousand Strings / J. S. Morris -- My First Visit to Portland / S. Smith -- The Mosquito / W. C. Bryant -- Country Burial-places / J. Carver -- The Hoosier and the Salt-pile / D. Marble -- The Quilting / A. Bache -- A Fragment / F. Halleck -- Domestic Happiness -- One of Mr. Ward's Business Letters / C. F. Browne ("Artemus Ward") -- On "Forts" -- Without and Within / J. R. Lowell -- Street Scenes in Washington / L. M. Alcott -- Mis' Smith / A. B. Paine -- A Boston Lullaby / J. J. Roohe -- Irish Astronomy / C. G. Halpine -- Bessie Brown, M. D. / S. M. Peok -- A Monody / R. C. Sands -- The Poster Girl / C. Wells -- The Conundrum of the Golf Links / J. G. Sanderson -- The Minister's Wooing / H. B. Stowe -- Mrs. Johnson / W. D. Howells -- The Trout, the Cat and the Fox -- The British Matron.
=506  \\ $a Public domain in the USA.
=516  \\ $a Text
=653  \\ $a American wit and humor
=830  \0 $a Project Gutenberg $v 6313
=856  40 $u http://www.gutenberg.org/ebooks/6313

