=LDR  00920nas  2200277uu 4500
=000  00568cam\a22001693a\4500
=001  6314
=003  PGUSA
=005  20161217030036.0
=008  040801s2004||||xxu|||||s|||||000\|\eng\d
=040  \\ $a PGUSA $b eng
=042  \\ $a dc
=050  \4$aPR
=100  1\ $a De Quincey, Thomas, $d 1785-1859
=245  10 $a Biographical Essays $h [electronic resource] / $c Thomas De Quincey
=260  \\ $b Project Gutenberg, $c 2004
=505  0\ $a Shakespeare -- Pope -- Charles Lamb -- Goethe -- Schiller.
=506  \\ $a Public domain in the USA.
=516  \\ $a Text
=653  \\ $a Pope, Alexander, 1688-1744
=653  \\ $a Schiller, Friedrich, 1759-1805
=653  \\ $a Goethe, Johann Wolfgang von, 1749-1832
=653  \\ $a Lamb, Charles, 1775-1834
=653  \\ $a Shakespeare, William, 1564-1616
=830  \0 $a Project Gutenberg $v 6314
=856  40 $u http://www.gutenberg.org/ebooks/6314

