=LDR  03561nas  2200229uu 4500
=000  00568cam\a22001693a\4500
=001  6316
=003  PGUSA
=005  20161217030036.0
=008  040801s2004||||xxu|||||s|||||000\p\eng\d
=040  \\ $a PGUSA $b eng
=042  \\ $a dc
=050  \4$aPS
=245  10 $a Poems of American Patriotism $h [electronic resource]
=260  \\ $b Project Gutenberg, $c 2004
=505  0\ $a Boston / Ralph Waldo Emerson -- Paul Revere's ride / Henry Wadsworth Longfellow -- The Battle of Lexington / Sidney Lanier -- Hymn / Ralph Waldo Emerson -- Ticonderoga / V. B. Wilson -- Grandmother's story of Bunker Hill battle / Oliver Wendell Holmes -- Warren's address / John Pierpont -- The old continentals / Guy Humphrey McMaster -- Nathan Hale / Francis Miles Finch -- The little black-eyed rebel / Will Carleton -- Molly Maguire at Monmouth / William Collins -- Song of Marion's men / William Cullen Bryant -- To the memory of the Americans who fell at Eutaw / Philip Freneau -- Perry's victory on Lake Erie / James Gates Percival -- The star spangled banner / Francis Scott Key -- The battle of New Orleans / Thomas Dunn English -- The American flag / Joseph Rodman Drake -- Old Ironsides / Oliver Wendell Holmes -- Monterey / Charles Fenno Hoffman -- The Bivouac of the dead / Theodore O'Hara -- How old Brown took Harper's Ferry / Edmund Clarence Stedman -- Apocalypse / Richard Realf -- The Picket Guard / Ethel Lynn Beers -- The washers of the shroud / James Russell Lowell -- Battle hymn of the republic / Julia Ward Howe -- At Port Royal / John Greenleaf Whittier -- Ready / Phoebe Cary -- "How are you, Sanitary?" / Bret Harte -- Song of the soldiers / Charles G. Halpine -- Jonathan to John / James Russell Lowell -- The Cumberland / Henry Wadsworth Longfellow -- Kearny at Seven Pines / Edmund Clarence Stedman -- Dirge for a soldier / George H. Boker -- Barbara Frietchie / John Greenleaf Whittier -- Fredericksburg / Thomas Bailey Aldrich -- Music in camp / John R. Thompson -- Keenan's charge / George Parsons Lathrop -- The Black regiment / George H. Boker -- John Burns of Gettysburg / Bret Harte -- Twilight on Sumter / Richard Henry Stoddard -- The bay-fight / Henry Howard Brownell -- Sheridan's ride / Thomas Buchanan Read -- Craven / Henry Newbolt -- Sherman's march to the sea / Samuel H. M. Byers -- O Captain! My Captain! / Walt Whitman -- Abraham Lincoln / James Russell Lowell -- The blue and the gray / Francis Miles Finch -- At the Farragut statue / Robert Bridges -- Grant / H. C. Bunner -- The burial of Sherman / Richard Watson Gilder -- The men behind the guns / John Jerome Rooney -- The Regular Army man / Joseph C. Lincoln -- When the great gray ships come in / Guy Wetmore Carryl -- Ad finem fideles / Guy Wetmore Carryl -- Grover Cleveland / Joel Benton -- A toast to our native land / Robert Bridges -- Fifty years / James Weldon Johnson -- The American volunteers / Marie Van Vorst -- I have a rendezvous with death / Alan Seeger -- The choice / Rudyard Kipling -- Annapolis / Waldron Kinsolving Post -- Yanks / James W. Foley -- Any woman to a soldier / Grace Ellery Channing -- To peace, with victory / Corinne Roosevelt Robinson -- You and you / Edith Wharton -- With the tide / Edith Wharton -- America's welcome home / Henry van Dyke -- The unknown soldier / Angela Morgan.
=506  \\ $a Public domain in the USA.
=516  \\ $a Text
=653  \\ $a Patriotic poetry, American
=653  \\ $a War poetry, American
=830  \0 $a Project Gutenberg $v 6316
=856  40 $u http://www.gutenberg.org/ebooks/6316

