=LDR  00644nas  2200217uu 4500
=000  00568cam\a22001693a\4500
=001  6317
=003  PGUSA
=005  20161217030036.0
=008  040801s2004||||xxu|||||s|||||000\|\eng\d
=040  \\ $a PGUSA $b eng
=042  \\ $a dc
=050  \4$aG
=100  1\ $a Varian, George, $d 1865-1923
=245  10 $a Sailing Alone Around the World $h [electronic resource] / $c George Varian
=260  \\ $b Project Gutenberg, $c 2004
=506  \\ $a Public domain in the USA.
=516  \\ $a Text
=653  \\ $a Voyages around the world
=830  \0 $a Project Gutenberg $v 6317
=856  40 $u http://www.gutenberg.org/ebooks/6317

