=LDR  00595nas  2200217uu 4500
=000  00568cam\a22001693a\4500
=001  6318
=003  PGUSA
=005  20161217030036.0
=008  040801s2004||||xxu|||||s|||||000\|\fre\d
=040  \\ $a PGUSA $b fre
=042  \\ $a dc
=050  \4$aPQ
=100  1\ $a Molière, $d 1622-1673
=245  12 $a L'Avare $h [electronic resource] / $c Molière
=260  \\ $b Project Gutenberg, $c 2004
=506  \\ $a Public domain in the USA.
=516  \\ $a Text
=653  \\ $a Comedies
=830  \0 $a Project Gutenberg $v 6318
=856  40 $u http://www.gutenberg.org/ebooks/6318

