=LDR  00944nas  2200229uu 4500
=000  00568cam\a22001693a\4500
=001  6319
=003  PGUSA
=005  20161217030036.0
=008  040801s2004||||xxu|||||s|||||000\1\fre\d
=040  \\ $a PGUSA $b fre
=042  \\ $a dc
=050  \4$aPQ
=100  1\ $a Dumas, Alexandre, $d 1802-1870
=245  10 $a Bric-à-brac $h [electronic resource] / $c Alexandre Dumas
=260  \\ $b Project Gutenberg, $c 2004
=505  0\ $a Deux infanticides -- Poètes, peintres et musiciens -- Désir et possession -- Une mère -- Le curé de Boulogne -- Un fait personnel -- Comment j'ai fait jouer à Marseille le drame des forestiers -- Heures de prison -- Jacques Fosse -- Le château de Pierrefonds -- Le lotus blanc et la rose mousseuse.
=506  \\ $a Public domain in the USA.
=516  \\ $a Text
=653  \\ $a French fiction
=830  \0 $a Project Gutenberg $v 6319
=856  40 $u http://www.gutenberg.org/ebooks/6319

