=LDR  01235nas  2200253uu 4500
=000  00568cam\a22001693a\4500
=001  6320
=003  PGUSA
=005  20161217030036.0
=008  040801s2004||||xxu|||||s|||||000\p\eng\d
=040  \\ $a PGUSA $b eng
=042  \\ $a dc
=050  \4$aPR
=050  \4$aPN
=100  1\ $a Vaughan, Charles Edwyn, $d 1854-1922
=245  10 $a English literary criticism $h [electronic resource] / $c Charles Edwyn Vaughan
=260  \\ $b Project Gutenberg, $c 2004
=505  0\ $a Introduction -- Sir Philip Sidney: An apology for poetry -- John Dryden: Preface to the Fables -- Samuel Johnson: On the metaphysical poets -- Samuel Taylor Coleridge: On poetic genius and poetic diction -- William Hazlitt: On poetry in general -- Charles Lamb: On the artificial comedy of the last century -- On Webster's 'Duchess of Malfi' -- On Ford's 'Broken heart' -- Percy Bysshe Shelley: A defence of poetry -- Thomas Carlyle: Goethe -- Walter Pater: Sandro Botticelli.
=506  \\ $a Public domain in the USA.
=516  \\ $a Text
=653  \\ $a Criticism -- Great Britain
=653  \\ $a English literature -- History and criticism
=830  \0 $a Project Gutenberg $v 6320
=856  40 $u http://www.gutenberg.org/ebooks/6320

