=LDR  00696nas  2200229uu 4500
=000  00568cam\a22001693a\4500
=001  6321
=003  PGUSA
=005  20161217030036.0
=008  040801s2004||||xxu|||||s|||||000\|\eng\d
=040  \\ $a PGUSA $b eng
=042  \\ $a dc
=050  \4$aQH
=100  1\ $a Belt, Thomas, $d 1832-1878
=245  14 $a The Naturalist in Nicaragua $h [electronic resource] / $c Thomas Belt
=260  \\ $b Project Gutenberg, $c 2004
=506  \\ $a Public domain in the USA.
=516  \\ $a Text
=653  \\ $a Nicaragua -- Description and travel
=653  \\ $a Natural history -- Nicaragua
=830  \0 $a Project Gutenberg $v 6321
=856  40 $u http://www.gutenberg.org/ebooks/6321

