=LDR  01030nas  2200313uu 4500
=000  00568cam\a22001693a\4500
=001  6322
=003  PGUSA
=005  20161217030036.0
=008  040801s2004||||xxu|||||s|||||000\|\eng\d
=040  \\ $a PGUSA $b eng
=042  \\ $a dc
=050  \4$aQE
=050  \4$aF2201
=050  \4$aF2301
=050  \4$aQH
=050  \4$aG
=100  1\ $a Ross, Thomasina, $d 1773-1858
=245  10 $a Personal Narrative of Travels to the Equinoctial Regions of America, During the Year 1799-1804 — Volume 1 $h [electronic resource] / $c Thomasina Ross
=260  \\ $b Project Gutenberg, $c 2004
=506  \\ $a Public domain in the USA.
=516  \\ $a Text
=653  \\ $a Voyages and travels
=653  \\ $a Natural history -- South America
=653  \\ $a South America -- Description and travel
=653  \\ $a Humboldt, Alexander von, 1769-1859 -- Travel -- South America
=653  \\ $a Scientific expeditions
=830  \0 $a Project Gutenberg $v 6322
=856  40 $u http://www.gutenberg.org/ebooks/6322

