=LDR  00894nas  2200217uu 4500
=000  00568cam\a22001693a\4500
=001  6323
=003  PGUSA
=005  20161217030036.0
=008  040801s2004||||xxu|||||s|||||000\|\eng\d
=040  \\ $a PGUSA $b eng
=042  \\ $a dc
=050  \4$aPZ
=245  14 $a The Junior Classics — Volume 4 : $b Heroes and heroines of chivalry $h [electronic resource]
=260  \\ $b Project Gutenberg, $c 2004
=505  0\ $a The story of King Arthur -- The Mabinogion -- Tales from early English chronicles -- Tales told by Chaucer's Canterbury pilgrims -- Tales from French and Italian chronicles -- the Spanish chronicle of the Cid -- Tales of Robin Hood -- Don Quixote de la Mancha.
=506  \\ $a Public domain in the USA.
=516  \\ $a Text
=653  \\ $a Children's literature
=830  \0 $a Project Gutenberg $v 6323
=856  40 $u http://www.gutenberg.org/ebooks/6323

