=LDR  00674nas  2200229uu 4500
=000  00568cam\a22001693a\4500
=001  6324
=003  PGUSA
=005  20161217030036.0
=008  040801s2004||||xxu|||||s|||||000\1\eng\d
=040  \\ $a PGUSA $b eng
=042  \\ $a dc
=050  \4$aPZ
=100  1\ $a Hope, Laura Lee
=245  14 $a The Story of a White Rocking Horse $h [electronic resource] / $c Laura Lee Hope
=260  \\ $b Project Gutenberg, $c 2004
=506  \\ $a Public domain in the USA.
=516  \\ $a Text
=653  \\ $a Children's stories
=653  \\ $a Toys -- Juvenile fiction
=830  \0 $a Project Gutenberg $v 6324
=856  40 $u http://www.gutenberg.org/ebooks/6324

