=LDR  01017nas  2200229uu 4500
=000  00568cam\a22001693a\4500
=001  6326
=003  PGUSA
=005  20161217030036.0
=008  040801s2004||||xxu|||||s|||||000\1\eng\d
=040  \\ $a PGUSA $b eng
=042  \\ $a dc
=050  \4$aPN
=245  10 $a Half-Hours with Great Story-Tellers : $b $b Artemus Ward, George Macdonald, Max Adeler, Samuel Lover, and Others $h [electronic resource] / $c Various
=260  \\ $b Project Gutenberg, $c 2004
=505  0\ $a Grey dolphin / R.H. Barham -- Moses, the Sassy / A. Ward -- Mr. Columbus Coriander's gorilla -- The fate of young Chubb / M. Adeler -- Boots at the Holly-tree Inn / Charles Dickens -- The enthusiast in anatomy / J. Oxenford -- "The light princess" / G. Macdonald -- Legend of the little weaver / Samuel Lover.
=506  \\ $a Public domain in the USA.
=516  \\ $a Text
=653  \\ $a Short stories
=653  \\ $a Fiction
=830  \0 $a Project Gutenberg $v 6326
=856  40 $u http://www.gutenberg.org/ebooks/6326

