=LDR  00698nas  2200217uu 4500
=000  00568cam\a22001693a\4500
=001  6327
=003  PGUSA
=005  20161217030036.0
=008  040801s2004||||xxu|||||s|||||000\|\eng\d
=040  \\ $a PGUSA $b eng
=042  \\ $a dc
=050  \4$aPA
=100  1\ $a Fowler, F. G. $q (Francis George), $d 1870-1918
=245  10 $a Works of Lucian of Samosata — Volume 01 $h [electronic resource] / $c F. G. Fowler
=260  \\ $b Project Gutenberg, $c 2004
=506  \\ $a Public domain in the USA.
=516  \\ $a Text
=653  \\ $a Lucian, of Samosata -- Translations into English
=830  \0 $a Project Gutenberg $v 6327
=856  40 $u http://www.gutenberg.org/ebooks/6327

