=LDR  02550nas  2200217uu 4500
=000  00568cam\a22001693a\4500
=001  6328
=003  PGUSA
=005  20161217030036.0
=008  040801s2004||||xxu|||||s|||||000\d\eng\d
=040  \\ $a PGUSA $b eng
=042  \\ $a dc
=050  \4$aPZ
=245  14 $a The Junior Classics — Volume 5 : $b Stories that never grow old $h [electronic resource]
=260  \\ $b Project Gutenberg, $c 2004
=505  0\ $a Arabian Nights -- --Ali Baba and the Forty Thieves -- --The Story of Aladdin; or the Wonderful Lamp -- --Sindbad the Sailor -- Robinson Crusoe -- --Robinson Crusoe is Shipwrecked, by Daniel Defoe -- --Alone on a Desolate Island, by Daniel Defoe -- --The Building of the Boat, by Daniel Defoe -- --Finds the Print of a Man's Foot on the Sand, by Daniel Defoe -- --Friday Rescued from the Cannibals, by Daniel Defoe -- --Robinson Crusoe Rescued, by Daniel Defoe -- Gulliver's Travels -- --Gulliver is Shipwrecked and Swims for His Life, by Jonathan Swift -- --Gulliver at the Court of Lilliput, by Jonathan Swift -- --Gulliver Captures Fifty of the Enemy's Ships, by Jonathan Swift -- --Gulliver Leaves Lilliput, by Jonathan Swift -- --Gulliver in the Land of the Giants, by Jonathan Swift -- --Some of Gulliver's Adventures, by Jonathan Swift -- --Gulliver Escapes from the Eagle, by Jonathan Swift -- The Plays Of Shakespeare -- --A Midsummer-Night's Dream, by E. Nesbit -- --The Tempest, by E. Nesbit -- --As You Like It, by E. Nesbit -- --The Merchant of Venice, by E. Nesbit -- Pilgrim's Progress -- --Christian Starts on His Journey, by John Bunyan -- --The Interpreter Shows Christian Many Excellent Things, by John Bunyan -- --Christian's Fight With the Monster Apollyon, by John Bunyan -- --Christian and Hopeful are Captives in Doubting Castle, by John Bunyan -- --Christian and Hopeful Arrive at the Coelestial City, by John Bunyan -- Ivanhoe And Guy Mannering, by Sir Walter Scott -- --Ivanhoe, by Sir Edward Sullivan -- --Guy Mannering, by Sir Edward Sullivan -- The Startling Adventures Of Baron Munchausen -- --An Adventure With a Lion and a Crocodile, by R. E. Raspe -- --Crossing the Thames Without the Aid of Bridge, Boat or Balloon, by R. E. Raspe -- --Two Strange Adventures in Russia, by R. E. Raspe -- --Shooting a Stag With Cherrystones, by R. E. Raspe -- --The Baron's Wonderful Dog, by R. E. Raspe
=506  \\ $a Public domain in the USA.
=516  \\ $a Text
=653  \\ $a Children's literature
=830  \0 $a Project Gutenberg $v 6328
=856  40 $u http://www.gutenberg.org/ebooks/6328

