=LDR  00651nas  2200217uu 4500
=000  00568cam\a22001693a\4500
=001  6329
=003  PGUSA
=005  20161217030036.0
=008  040801s2004||||xxu|||||s|||||000\|\eng\d
=040  \\ $a PGUSA $b eng
=042  \\ $a dc
=050  \4$aQL
=100  1\ $a Kermode, Francis, $d 1874-
=245  10 $a Catalogue of British Columbia Birds $h [electronic resource] / $c Francis Kermode
=260  \\ $b Project Gutenberg, $c 2004
=506  \\ $a Public domain in the USA.
=516  \\ $a Text
=653  \\ $a Birds -- British Columbia
=830  \0 $a Project Gutenberg $v 6329
=856  40 $u http://www.gutenberg.org/ebooks/6329

