=LDR  00945nas  2200265uu 4500
=000  00568cam\a22001693a\4500
=001  6331
=003  PGUSA
=005  20161217030036.0
=008  040801s2004||||xxu|||||s|||||000\1\eng\d
=040  \\ $a PGUSA $b eng
=042  \\ $a dc
=050  \4$aPR
=100  1\ $a Yonge, Charlotte M. $q (Charlotte Mary), $d 1823-1901
=245  14 $a The Pillars of the House; Or, Under Wode, Under Rode, Vol. 1 (of 2) $h [electronic resource] / $c Charlotte M. Yonge
=260  \\ $b Project Gutenberg, $c 2004
=506  \\ $a Public domain in the USA.
=516  \\ $a Text
=653  \\ $a Orphans -- Fiction
=653  \\ $a Brothers and sisters -- Fiction
=653  \\ $a Domestic fiction
=653  \\ $a Church of England -- History -- 19th century -- Fiction
=653  \\ $a England -- Social life and customs -- 19th century -- Fiction
=830  \0 $a Project Gutenberg $v 6331
=856  40 $u http://www.gutenberg.org/ebooks/6331

