=LDR  00682nas  2200229uu 4500
=000  00568cam\a22001693a\4500
=001  6333
=003  PGUSA
=005  20161217030036.0
=008  040801s2004||||xxu|||||s|||||000\|\eng\d
=040  \\ $a PGUSA $b eng
=042  \\ $a dc
=050  \4$aPN
=100  1\ $a Winter, Irvah Lester, $d 1857-1934
=245  10 $a Public Speaking : $b Principles and Practice $h [electronic resource] / $c Irvah Lester Winter
=260  \\ $b Project Gutenberg, $c 2004
=506  \\ $a Public domain in the USA.
=516  \\ $a Text
=653  \\ $a Elocution
=653  \\ $a Oratory
=830  \0 $a Project Gutenberg $v 6333
=856  40 $u http://www.gutenberg.org/ebooks/6333

