=LDR  00877nas  2200265uu 4500
=000  00568cam\a22001693a\4500
=001  6334
=003  PGUSA
=005  20161217030036.0
=008  040801s2004||||xxu|||||s|||||000\1\eng\d
=040  \\ $a PGUSA $b eng
=042  \\ $a dc
=050  \4$aPS
=100  1\ $a Newberry, Fannie E. $q (Fannie Ellsworth), $d 1848-1942
=245  10 $a Sara, a Princess : $b The Story of a Noble Girl $h [electronic resource] / $c Fannie E. Newberry
=260  \\ $b Project Gutenberg, $c 2004
=506  \\ $a Public domain in the USA.
=516  \\ $a Text
=653  \\ $a Poor families -- Fiction
=653  \\ $a Child caregivers -- Fiction
=653  \\ $a Young women -- Education -- Fiction
=653  \\ $a Parents -- Death -- Fiction
=653  \\ $a Fishers -- Fiction
=830  \0 $a Project Gutenberg $v 6334
=856  40 $u http://www.gutenberg.org/ebooks/6334

