=LDR  00746nas  2200253uu 4500
=000  00568cam\a22001693a\4500
=001  6335
=003  PGUSA
=005  20161217030036.0
=008  040801s2004||||xxu|||||s|||||000\|\eng\d
=040  \\ $a PGUSA $b eng
=042  \\ $a dc
=050  \4$aQH
=100  1\ $a Lyell, Charles, $c Sir, $d 1797-1875
=245  14 $a The Antiquity of Man $h [electronic resource] / $c Charles, Lyell
=260  \\ $b Project Gutenberg, $c 2004
=506  \\ $a Public domain in the USA.
=516  \\ $a Text
=653  \\ $a Human beings -- Origin
=653  \\ $a Evolution (Biology)
=653  \\ $a Human evolution
=653  \\ $a Glacial epoch
=830  \0 $a Project Gutenberg $v 6335
=856  40 $u http://www.gutenberg.org/ebooks/6335

