=LDR  00658nas  2200229uu 4500
=000  00568cam\a22001693a\4500
=001  6336
=003  PGUSA
=005  20161217030036.0
=008  040801s2004||||xxu|||||s|||||000\|\eng\d
=040  \\ $a PGUSA $b eng
=042  \\ $a dc
=050  \4$aB
=100  1\ $a Stephen, Karin
=245  14 $a The Misuse of Mind $h [electronic resource] / $c Karin Stephen
=260  \\ $b Project Gutenberg, $c 2004
=506  \\ $a Public domain in the USA.
=516  \\ $a Text
=653  \\ $a Knowledge, Theory of
=653  \\ $a Bergson, Henri, 1859-1941
=830  \0 $a Project Gutenberg $v 6336
=856  40 $u http://www.gutenberg.org/ebooks/6336

