=LDR  00744nas  2200229uu 4500
=000  00568cam\a22001693a\4500
=001  6338
=003  PGUSA
=005  20161217030036.0
=008  040801s2004||||xxu|||||s|||||000\1\eng\d
=040  \\ $a PGUSA $b eng
=042  \\ $a dc
=050  \4$aPZ
=100  1\ $a Fletcher, Archibald Lee
=245  10 $a Boy Scouts in the Coal Caverns; Or, The Light in Tunnel Six $h [electronic resource] / $c Archibald Lee Fletcher
=260  \\ $b Project Gutenberg, $c 2004
=506  \\ $a Public domain in the USA.
=516  \\ $a Text
=653  \\ $a Boy Scouts -- Juvenile fiction
=653  \\ $a Coal mines and mining -- Juvenile fiction
=830  \0 $a Project Gutenberg $v 6338
=856  40 $u http://www.gutenberg.org/ebooks/6338

