=LDR  01754nas  2200229uu 4500
=000  00568cam\a22001693a\4500
=001  6340
=003  PGUSA
=005  20161217030036.0
=008  040601s2004||||xxu|||||s|||||000\1\eng\d
=040  \\ $a PGUSA $b eng
=042  \\ $a dc
=050  \4$aPS
=100  1\ $a Leacock, Stephen, $d 1869-1944
=245  10 $a Literary Lapses $h [electronic resource] / $c Stephen Leacock
=260  \\ $b Project Gutenberg, $c 2004
=505  0\ $a My financial career -- Lord Oxhead's secret -- Boarding-house geometry -- The awful fate of Melpomenus Jones -- A Christmas letter -- How to make a million dollars -- How to live to be 200 -- How to avoid getting married -- How to be a doctor -- The new food -- A new pathology -- The poet answered -- The force of statistics -- Men who have shaved me -- Getting the thread of it -- Telling his faults -- Winter pastimes -- Number fifty-six -- Aristocratic education -- The conjurer's revenge -- Hints to travellers -- A manual of education -- Hoodoo McFiggin's Christmas -- The life of John Smith -- On collecting things -- Society chit-chat -- Insurance up to-date -- Borrowing a match -- A lesson in fiction -- Helping the Armenians -- A study in still life: the country hotel -- An experiment with Policeman Hogan -- The passing of the poet -- Self-made men -- A model dialogue -- Bach to the bush -- Reflections on riding -- Saloonio -- Half-hours with the poets: Mr. Wordsworth and the cottage girl; How Tennyson killed the May queen; Old Mr. Longfellow on board the "Hesperus" -- A, B, and C.
=506  \\ $a Public domain in the USA.
=516  \\ $a Text
=653  \\ $a Humorous stories, Canadian
=830  \0 $a Project Gutenberg $v 6340
=856  40 $u http://www.gutenberg.org/ebooks/6340

