=LDR  00813nas  2200229uu 4500
=000  00568cam\a22001693a\4500
=001  6341
=003  PGUSA
=005  20161217030036.0
=008  040801s2004||||xxu|||||s|||||000\1\ger\d
=040  \\ $a PGUSA $b ger
=042  \\ $a dc
=050  \4$aPT
=100  1\ $a Hoffmann, E. T. A. $q (Ernst Theodor Amadeus), $d 1776-1822
=245  10 $a Nachtstücke $h [electronic resource] / $c E. T. A. Hoffmann
=260  \\ $b Project Gutenberg, $c 2004
=505  0\ $a Der Sandmann -- Ignaz Denner -- Die Jesuitenkirche in G. -- Das Sanctus -- Das öde Haus -- Das Majorat -- Das Gelübde -- Das steinerne Herz
=506  \\ $a Public domain in the USA.
=516  \\ $a Text
=653  \\ $a Fantasy fiction
=830  \0 $a Project Gutenberg $v 6341
=856  40 $u http://www.gutenberg.org/ebooks/6341

