=LDR  00783nas  2200253uu 4500
=000  00568cam\a22001693a\4500
=001  6343
=003  PGUSA
=005  20161217030036.0
=008  040801s2004||||xxu|||||s|||||000\|\ger\d
=040  \\ $a PGUSA $b ger
=042  \\ $a dc
=050  \4$aB
=100  1\ $a Kant, Immanuel, $d 1724-1804
=245  10 $a Kritik der reinen Vernunft : $b $b Zweite hin und wieder verbesserte Auflage (1787) $h [electronic resource] / $c Immanuel Kant
=260  \\ $b Project Gutenberg, $c 2004
=506  \\ $a Public domain in the USA.
=516  \\ $a Text
=653  \\ $a Reason
=653  \\ $a Causation
=653  \\ $a Knowledge, Theory of
=653  \\ $a Philosophy, German
=830  \0 $a Project Gutenberg $v 6343
=856  40 $u http://www.gutenberg.org/ebooks/6343

