=LDR  00889nas  2200253uu 4500
=000  00568cam\a22001693a\4500
=001  6344
=003  PGUSA
=005  20161217030036.0
=008  040801s2004||||xxu|||||s|||||000\|\eng\d
=040  \\ $a PGUSA $b eng
=042  \\ $a dc
=050  \4$aG
=110  1\ $a United States. Central Intelligence Agency
=245  14 $a The 2002 CIA World Factbook $h [electronic resource] / $c United States. Central Intelligence Agency
=260  \\ $b Project Gutenberg, $c 2004
=506  \\ $a Public domain in the USA.
=516  \\ $a Text
=653  \\ $a Geography -- Handbooks, manuals, etc.
=653  \\ $a Political science -- Handbooks, manuals, etc.
=653  \\ $a World politics -- Handbooks, manuals, etc.
=653  \\ $a Political statistics -- Handbooks, manuals, etc.
=830  \0 $a Project Gutenberg $v 6344
=856  40 $u http://www.gutenberg.org/ebooks/6344

