=LDR  00816nas  2200229uu 4500
=000  00568cam\a22001693a\4500
=001  6345
=003  PGUSA
=005  20161217030036.0
=008  040801s2004||||xxu|||||s|||||000\1\eng\d
=040  \\ $a PGUSA $b eng
=042  \\ $a dc
=050  \4$aPS
=100  1\ $a Mandall, Abertine D., $d 1867-
=245  10 $a Seven Maids of Far Cathay : $b Being English Notes From a Chinese Class Book $h [electronic resource] / $c Abertine D. Mandall
=260  \\ $b Project Gutenberg, $c 2004
=500  \\ $a A collection of fiction, supposedly written by members of an Anglo-American woman's college in China.
=506  \\ $a Public domain in the USA.
=516  \\ $a Text
=653  \\ $a Chinese in literature
=830  \0 $a Project Gutenberg $v 6345
=856  40 $u http://www.gutenberg.org/ebooks/6345

