=LDR  00782nas  2200253uu 4500
=000  00568cam\a22001693a\4500
=001  6346
=003  PGUSA
=005  20161217030036.0
=008  040801s2004||||xxu|||||s|||||000\1\eng\d
=040  \\ $a PGUSA $b eng
=042  \\ $a dc
=050  \4$aPR
=100  1\ $a Burney, Fanny, $d 1752-1840
=245  10 $a Cecilia; Or, Memoirs of an Heiress — Volume 1 $h [electronic resource] / $c Fanny Burney
=260  \\ $b Project Gutenberg, $c 2004
=506  \\ $a Public domain in the USA.
=516  \\ $a Text
=653  \\ $a Young women -- Fiction
=653  \\ $a Love stories
=653  \\ $a England -- Fiction
=653  \\ $a Inheritance and succession -- Fiction
=830  \0 $a Project Gutenberg $v 6346
=856  40 $u http://www.gutenberg.org/ebooks/6346

