=LDR  00763nas  2200241uu 4500
=000  00568cam\a22001693a\4500
=001  6347
=003  PGUSA
=005  20161217030036.0
=008  040801s2004||||xxu|||||s|||||000\|\eng\d
=040  \\ $a PGUSA $b eng
=042  \\ $a dc
=050  \4$aPR
=100  1\ $a Brighouse, Harold, $d 1882-1958
=245  10 $a Hobson's Choice : $b A Lancashire Comedy in Four Acts $h [electronic resource] / $c Harold Brighouse
=260  \\ $b Project Gutenberg, $c 2004
=506  \\ $a Public domain in the USA.
=516  \\ $a Text
=653  \\ $a Sisters -- Drama
=653  \\ $a English drama -- 20th century
=653  \\ $a Fathers and daughters -- Drama
=830  \0 $a Project Gutenberg $v 6347
=856  40 $u http://www.gutenberg.org/ebooks/6347

