=LDR  00939nas  2200229uu 4500
=000  00568cam\a22001693a\4500
=001  6349
=003  PGUSA
=005  20161217030036.0
=008  040801s2004||||xxu|||||s|||||000\|\eng\d
=040  \\ $a PGUSA $b eng
=042  \\ $a dc
=050  \4$aZ
=110  1\ $a Library of Congress. Copyright Office
=245  10 $a Copyright Renewals 1954 $h [electronic resource] / $c Library of Congress. Copyright Office
=260  \\ $b Project Gutenberg, $c 2004
=500  \\ $a All Project Gutenberg etexts of U. S. Copyright Renewals have been reposted, in their six-monthly volumes, as etext #11801 through #11856 inclusive. A combined, complete edition of all Copyright Renewals has been posted as etext #11800.
=506  \\ $a Public domain in the USA.
=516  \\ $a Text
=653  \\ $a Copyright -- United States -- Catalogs
=830  \0 $a Project Gutenberg $v 6349
=856  40 $u http://www.gutenberg.org/ebooks/6349

