=LDR  00708nas  2200217uu 4500
=000  00568cam\a22001693a\4500
=001  6350
=003  PGUSA
=005  20161217030036.0
=008  040801s2004||||xxu|||||s|||||000\1\eng\d
=040  \\ $a PGUSA $b eng
=042  \\ $a dc
=050  \4$aPS
=100  1\ $a Crawford, F. Marion $q (Francis Marion), $d 1854-1909
=245  10 $a Via Crucis : $b A Romance of the Second Crusade $h [electronic resource] / $c F. Marion Crawford
=260  \\ $b Project Gutenberg, $c 2004
=506  \\ $a Public domain in the USA.
=516  \\ $a Text
=653  \\ $a Crusades -- Second, 1147-1149 -- Fiction
=830  \0 $a Project Gutenberg $v 6350
=856  40 $u http://www.gutenberg.org/ebooks/6350

