=LDR  00708nas  2200229uu 4500
=000  00568cam\a22001693a\4500
=001  6351
=003  PGUSA
=005  20161217030036.0
=008  040801s2004||||xxu|||||s|||||000\1\eng\d
=040  \\ $a PGUSA $b eng
=042  \\ $a dc
=050  \4$aPS
=100  1\ $a Comfort, Will Levington, $d 1878-1932
=245  10 $a Red Fleece $h [electronic resource] / $c Will Levington Comfort
=260  \\ $b Project Gutenberg, $c 2004
=506  \\ $a Public domain in the USA.
=516  \\ $a Text
=653  \\ $a Journalists -- United States -- Fiction
=653  \\ $a World War, 1914-1918 -- Fiction
=830  \0 $a Project Gutenberg $v 6351
=856  40 $u http://www.gutenberg.org/ebooks/6351

