=LDR  00767nas  2200253uu 4500
=000  00568cam\a22001693a\4500
=001  6352
=003  PGUSA
=005  20161217030036.0
=008  040801s2004||||xxu|||||s|||||000\1\eng\d
=040  \\ $a PGUSA $b eng
=042  \\ $a dc
=050  \4$aPS
=100  1\ $a Holmes, Mary Jane, $d 1825-1907
=245  10 $a Dora Deane; Or, The East India Uncle $h [electronic resource] / $c Mary Jane Holmes
=260  \\ $b Project Gutenberg, $c 2004
=506  \\ $a Public domain in the USA.
=516  \\ $a Text
=653  \\ $a Domestic fiction
=653  \\ $a Uncles -- Fiction
=653  \\ $a Orphans -- Fiction
=653  \\ $a Conduct of life -- Fiction
=830  \0 $a Project Gutenberg $v 6352
=856  40 $u http://www.gutenberg.org/ebooks/6352

