=LDR  01245nas  2200241uu 4500
=000  00568cam\a22001693a\4500
=001  6354
=003  PGUSA
=005  20161217030036.0
=008  040801s2004||||xxu|||||s|||||000\|\eng\d
=040  \\ $a PGUSA $b eng
=042  \\ $a dc
=050  \4$aDG
=100  1\ $a James, Henry, $d 1843-1916
=245  10 $a Italian Hours $h [electronic resource] / $c Henry James
=260  \\ $b Project Gutenberg, $c 2004
=505  0\ $a Venice -- The Grand Canal -- Venice : an early impression -- Two old houses and three young women -- Casa Alvisi -- From Chambéry to Milan -- The old Saint-Gothard leaves from a note-book -- Italy revisited -- A Roman holiday -- Roman rides -- Roman neighbourhoods -- The after-season in Rome -- From a Roman note-book -- A few other Roman neighbourhoods -- A chain of cities -- Siena early and late -- The autumn in Florence -- Florentine notes -- Tuscan cities -- Other Tuscan cities -- Ravenna -- The saint's afternoon and others.
=506  \\ $a Public domain in the USA.
=516  \\ $a Text
=653  \\ $a Italy -- Description and travel
=653  \\ $a James, Henry, 1843-1916 -- Travel -- Italy
=830  \0 $a Project Gutenberg $v 6354
=856  40 $u http://www.gutenberg.org/ebooks/6354

