=LDR  00837nas  2200229uu 4500
=000  00568cam\a22001693a\4500
=001  6355
=003  PGUSA
=005  20161217030036.0
=008  040801s2004||||xxu|||||s|||||000\|\eng\d
=040  \\ $a PGUSA $b eng
=042  \\ $a dc
=050  \4$aQH
=100  1\ $a Burroughs, John, $d 1837-1921
=245  10 $a Locusts and Wild Honey $h [electronic resource] / $c John Burroughs
=260  \\ $b Project Gutenberg, $c 2004
=505  0\ $a The pastoral bees -- Sharp eyes -- Strawberries -- Is it going to rain? -- Speckled trout -- Birds and birds -- A bed of boughs -- Birds'-nesting -- The halcyon in Canada.
=506  \\ $a Public domain in the USA.
=516  \\ $a Text
=653  \\ $a Natural history -- Outdoor books
=830  \0 $a Project Gutenberg $v 6355
=856  40 $u http://www.gutenberg.org/ebooks/6355

