=LDR  00848nas  2200241uu 4500
=000  00568cam\a22001693a\4500
=001  6357
=003  PGUSA
=005  20161217030036.0
=008  040801s2004||||xxu|||||s|||||000\1\eng\d
=040  \\ $a PGUSA $b eng
=042  \\ $a dc
=050  \4$aPZ
=100  1\ $a Ballantyne, R. M. $q (Robert Michael), $d 1825-1894
=245  10 $a Snowflakes and Sunbeams; Or, The Young Fur-traders : $b A Tale of the Far North $h [electronic resource] / $c R. M. Ballantyne
=260  \\ $b Project Gutenberg, $c 2004
=506  \\ $a Public domain in the USA.
=516  \\ $a Text
=653  \\ $a Indians of North America -- Juvenile fiction
=653  \\ $a Northwest, Canadian -- Juvenile fiction
=653  \\ $a Fur traders -- Juvenile fiction
=830  \0 $a Project Gutenberg $v 6357
=856  40 $u http://www.gutenberg.org/ebooks/6357

