=LDR  00751nas  2200229uu 4500
=000  00568cam\a22001693a\4500
=001  6358
=003  PGUSA
=005  20161217030036.0
=008  040801s2004||||xxu|||||s|||||000\|\eng\d
=040  \\ $a PGUSA $b eng
=042  \\ $a dc
=050  \4$aDA
=100  1\ $a Pollard, A. F. $q (Albert Frederick), $d 1869-1948
=245  14 $a The History of England - a Study in Political Evolution $h [electronic resource] / $c A. F. Pollard
=260  \\ $b Project Gutenberg, $c 2004
=506  \\ $a Public domain in the USA.
=516  \\ $a Text
=653  \\ $a Great Britain -- Politics and government
=653  \\ $a Great Britain -- History
=830  \0 $a Project Gutenberg $v 6358
=856  40 $u http://www.gutenberg.org/ebooks/6358

