=LDR  00700nas  2200229uu 4500
=000  00568cam\a22001693a\4500
=001  6359
=003  PGUSA
=005  20161217030036.0
=008  040801s2004||||xxu|||||s|||||000\e\eng\d
=040  \\ $a PGUSA $b eng
=042  \\ $a dc
=050  \4$aPR
=100  1\ $a De Quincey, Thomas, $d 1785-1859
=245  14 $a The English Mail-Coach and Joan of Arc $h [electronic resource] / $c Thomas De Quincey
=260  \\ $b Project Gutenberg, $c 2004
=506  \\ $a Public domain in the USA.
=516  \\ $a Text
=653  \\ $a Joan, of Arc, Saint, 1412-1431
=653  \\ $a English essays
=830  \0 $a Project Gutenberg $v 6359
=856  40 $u http://www.gutenberg.org/ebooks/6359

