=LDR  00694nas  2200229uu 4500
=000  00568cam\a22001693a\4500
=001  6360
=003  PGUSA
=005  20161217030036.0
=008  040801s2004||||xxu|||||s|||||000\1\eng\d
=040  \\ $a PGUSA $b eng
=042  \\ $a dc
=050  \4$aPZ
=100  1\ $a Ray, Anna Chapin, $d 1865-1945
=245  10 $a Half a Dozen Girls $h [electronic resource] / $c Anna Chapin Ray
=260  \\ $b Project Gutenberg, $c 2004
=506  \\ $a Public domain in the USA.
=516  \\ $a Text
=653  \\ $a Girls -- Conduct of life -- Juvenile fiction
=653  \\ $a Children's stories
=830  \0 $a Project Gutenberg $v 6360
=856  40 $u http://www.gutenberg.org/ebooks/6360

