=LDR  00682nas  2200217uu 4500
=000  00568cam\a22001693a\4500
=001  6361
=003  PGUSA
=005  20161217030036.0
=008  040801s2004||||xxu|||||s|||||000\|\eng\d
=040  \\ $a PGUSA $b eng
=042  \\ $a dc
=050  \4$aRT
=100  1\ $a Lounsbery, Harriet Camp
=245  10 $a Making Good on Private Duty : $b Practical Hints to Graduate Nurses $h [electronic resource] / $c Harriet Camp Lounsbery
=260  \\ $b Project Gutenberg, $c 2004
=506  \\ $a Public domain in the USA.
=516  \\ $a Text
=653  \\ $a Private duty nursing
=830  \0 $a Project Gutenberg $v 6361
=856  40 $u http://www.gutenberg.org/ebooks/6361

