=LDR  00708nas  2200241uu 4500
=000  00568cam\a22001693a\4500
=001  6362
=003  PGUSA
=005  20161217030036.0
=008  040801s2004||||xxu|||||s|||||000\1\eng\d
=040  \\ $a PGUSA $b eng
=042  \\ $a dc
=050  \4$aPS
=100  1\ $a Dos Passos, John, $d 1896-1970
=245  10 $a Three Soldiers $h [electronic resource] / $c John Dos Passos
=260  \\ $b Project Gutenberg, $c 2004
=506  \\ $a Public domain in the USA.
=516  \\ $a Text
=653  \\ $a World War, 1914-1918 -- Fiction
=653  \\ $a War stories
=653  \\ $a Soldiers -- Fiction
=830  \0 $a Project Gutenberg $v 6362
=856  40 $u http://www.gutenberg.org/ebooks/6362

