=LDR  00693nas  2200229uu 4500
=000  00568cam\a22001693a\4500
=001  6363
=003  PGUSA
=005  20161217030036.0
=008  040801s2004||||xxu|||||s|||||000\|\eng\d
=040  \\ $a PGUSA $b eng
=042  \\ $a dc
=050  \4$aPQ
=100  1\ $a MacCarthy, Denis Florence, $d 1817-1882
=245  10 $a Life Is a Dream $h [electronic resource] / $c Denis Florence MacCarthy
=260  \\ $b Project Gutenberg, $c 2004
=500  \\ $a See also PG#2587 tr. by Edward Fitzgerald
=506  \\ $a Public domain in the USA.
=516  \\ $a Text
=653  \\ $a Drama
=830  \0 $a Project Gutenberg $v 6363
=856  40 $u http://www.gutenberg.org/ebooks/6363

