=LDR  00708nas  2200229uu 4500
=000  00568cam\a22001693a\4500
=001  6364
=003  PGUSA
=005  20161217030036.0
=008  040801s2004||||xxu|||||s|||||000\1\eng\d
=040  \\ $a PGUSA $b eng
=042  \\ $a dc
=050  \4$aPR
=100  1\ $a MacDonald, George, $d 1824-1905
=245  10 $a Warlock o' Glenwarlock : $b A Homely Romance $h [electronic resource] / $c George MacDonald
=260  \\ $b Project Gutenberg, $c 2004
=506  \\ $a Public domain in the USA.
=516  \\ $a Text
=653  \\ $a Highlands (Scotland) -- Fiction
=653  \\ $a Christian fiction
=830  \0 $a Project Gutenberg $v 6364
=856  40 $u http://www.gutenberg.org/ebooks/6364

