=LDR  00901nas  2200265uu 4500
=000  00568cam\a22001693a\4500
=001  6365
=003  PGUSA
=005  20161217030036.0
=008  040801s2004||||xxu|||||s|||||000\1\eng\d
=040  \\ $a PGUSA $b eng
=042  \\ $a dc
=050  \4$aPZ
=100  1\ $a Stratemeyer, Edward, $d 1862-1930
=245  10 $a Richard Dare's Venture; Or, Striking Out for Himself $h [electronic resource] / $c Edward Stratemeyer
=260  \\ $b Project Gutenberg, $c 2004
=506  \\ $a Public domain in the USA.
=516  \\ $a Text
=653  \\ $a Success -- Juvenile fiction
=653  \\ $a Young men -- Juvenile fiction
=653  \\ $a New York (N.Y.) -- Juvenile fiction
=653  \\ $a Christian life -- Juvenile fiction
=653  \\ $a Booksellers and bookselling -- Juvenile fiction
=830  \0 $a Project Gutenberg $v 6365
=856  40 $u http://www.gutenberg.org/ebooks/6365

