=LDR  00656nas  2200217uu 4500
=000  00568cam\a22001693a\4500
=001  6366
=003  PGUSA
=005  20161217030036.0
=008  040801s2004||||xxu|||||s|||||000\|\eng\d
=040  \\ $a PGUSA $b eng
=042  \\ $a dc
=050  \4$aBH
=100  1\ $a Parker, De Witt H. $q (De Witt Henry), $d 1885-1949
=245  14 $a The Principles of Aesthetics $h [electronic resource] / $c De Witt H. Parker
=260  \\ $b Project Gutenberg, $c 2004
=506  \\ $a Public domain in the USA.
=516  \\ $a Text
=653  \\ $a Aesthetics
=830  \0 $a Project Gutenberg $v 6366
=856  40 $u http://www.gutenberg.org/ebooks/6366

