=LDR  00730nas  2200229uu 4500
=000  00568cam\a22001693a\4500
=001  6367
=003  PGUSA
=005  20161217030036.0
=008  040801s2004||||xxu|||||s|||||000\|\eng\d
=040  \\ $a PGUSA $b eng
=042  \\ $a dc
=050  \4$aBX
=100  1\ $a Chalippe, Candide, $d 1684-1757
=245  14 $a The Life and Legends of Saint Francis of Assisi $h [electronic resource] / $c Candide Chalippe
=260  \\ $b Project Gutenberg, $c 2004
=506  \\ $a Public domain in the USA.
=516  \\ $a Text
=653  \\ $a Miracles -- Early works to 1800
=653  \\ $a Francis, of Assisi, Saint, 1182-1226
=830  \0 $a Project Gutenberg $v 6367
=856  40 $u http://www.gutenberg.org/ebooks/6367

