=LDR  00653nas  2200217uu 4500
=000  00568cam\a22001693a\4500
=001  6368
=003  PGUSA
=005  20161217030036.0
=008  040801s2004||||xxu|||||s|||||000\|\eng\d
=040  \\ $a PGUSA $b eng
=042  \\ $a dc
=050  \4$aG
=100  1\ $a Hamilton, Frederic, $c Lord, $d 1856-1928
=245  10 $a Here, There and Everywhere $h [electronic resource] / $c Frederic, Hamilton
=260  \\ $b Project Gutenberg, $c 2004
=506  \\ $a Public domain in the USA.
=516  \\ $a Text
=653  \\ $a Voyages and travels
=830  \0 $a Project Gutenberg $v 6368
=856  40 $u http://www.gutenberg.org/ebooks/6368

