=LDR  00703nas  2200229uu 4500
=000  00568cam\a22001693a\4500
=001  6369
=003  PGUSA
=005  20161217030036.0
=008  040801s2004||||xxu|||||s|||||000\|\eng\d
=040  \\ $a PGUSA $b eng
=042  \\ $a dc
=050  \4$aD
=100  1\ $a Davis, H. W. Carless $q (Henry William Carless), $d 1874-1928
=245  10 $a Medieval Europe $h [electronic resource] / $c H. W. Carless Davis
=260  \\ $b Project Gutenberg, $c 2004
=506  \\ $a Public domain in the USA.
=516  \\ $a Text
=653  \\ $a Middle Ages
=653  \\ $a Europe -- History -- 476-1492
=830  \0 $a Project Gutenberg $v 6369
=856  40 $u http://www.gutenberg.org/ebooks/6369

