=LDR  00689nas  2200229uu 4500
=000  00568cam\a22001693a\4500
=001  6370
=003  PGUSA
=005  20161217030036.0
=008  040801s2004||||xxu|||||s|||||000\|\eng\d
=040  \\ $a PGUSA $b eng
=042  \\ $a dc
=050  \4$aPZ
=050  \4$aPA
=100  1\ $a Homer, $d -750--650
=245  14 $a The Story of the Odyssey $h [electronic resource] / $c Homer
=260  \\ $b Project Gutenberg, $c 2004
=506  \\ $a Public domain in the USA.
=516  \\ $a Text
=653  \\ $a Odysseus, King of Ithaca (Mythological character) -- Juvenile literature
=830  \0 $a Project Gutenberg $v 6370
=856  40 $u http://www.gutenberg.org/ebooks/6370

