=LDR  00681nas  2200217uu 4500
=000  00568cam\a22001693a\4500
=001  6371
=003  PGUSA
=005  20161217030036.0
=008  040801s2004||||xxu|||||s|||||000\|\eng\d
=040  \\ $a PGUSA $b eng
=042  \\ $a dc
=050  \4$aPQ
=100  1\ $a Calderón de la Barca, Pedro, $d 1600-1681
=245  14 $a The Purgatory of St. Patrick $h [electronic resource] / $c Pedro Calderón de la Barca
=260  \\ $b Project Gutenberg, $c 2004
=506  \\ $a Public domain in the USA.
=516  \\ $a Text
=653  \\ $a Patrick, Saint, 373?-463? -- Drama
=830  \0 $a Project Gutenberg $v 6371
=856  40 $u http://www.gutenberg.org/ebooks/6371

