=LDR  00721nas  2200229uu 4500
=000  00568cam\a22001693a\4500
=001  6372
=003  PGUSA
=005  20161217030036.0
=008  040801s2004||||xxu|||||s|||||000\|\eng\d
=040  \\ $a PGUSA $b eng
=042  \\ $a dc
=050  \4$aPQ
=100  1\ $a MacCarthy, Denis Florence, $d 1817-1882
=245  14 $a The Wonder-Working Magician $h [electronic resource] / $c Denis Florence MacCarthy
=260  \\ $b Project Gutenberg, $c 2004
=506  \\ $a Public domain in the USA.
=516  \\ $a Text
=653  \\ $a Cyprian, Saint, d. 304 -- Drama
=653  \\ $a Justina, Saint, d. 304 -- Drama
=830  \0 $a Project Gutenberg $v 6372
=856  40 $u http://www.gutenberg.org/ebooks/6372

