=LDR  02264nas  2200241uu 4500
=000  00568cam\a22001693a\4500
=001  6373
=003  PGUSA
=005  20161217030036.0
=008  040801s2004||||xxu|||||s|||||000\1\eng\d
=040  \\ $a PGUSA $b eng
=042  \\ $a dc
=050  \4$aPS
=100  1\ $a Harte, Bret, $d 1836-1902
=245  14 $a The Luck of Roaring Camp and Other Tales : $b $b With Condensed Novels, Spanish and American Legends, and Earlier Papers $h [electronic resource] / $c Bret Harte
=260  \\ $b Project Gutenberg, $c 2004
=505  0\ $a General introduction -- The luck of Roaring Camp and other sketches: The luck of Roaring camp. The outcasts of Poker Flat. Miggles. Tennessee's partner. The idyl of Red Gulch. Brown of Calaveras -- Condensed novels: Muck-a-Muck: a modern Indian novel. Selina Sedilla. The ninety-nine guardsmen. Miss Mix. Mr. Midshipman Breezy: a naval officer. Guy Heavystone, or "Entire": a muscular novel. John Jenkins, or, the smoker reformed. Fantine; after the French of Victor Hugo. "La femme"; after the French of M. Michelet. The dweller of the threshold. N N.: being a novel in the French paragraphic style. No title. Handsome is as handsome does. Lothaw, or, the adventures of a young gentleman in search of a religion. The haunted man: a Christmas story. Terence Denville. Mary McGillup. The hoodlum band; or, the boy chief, the infant politician, and the pirate prodigy -- Earlier sketches: M'liss: an idyl of Red Mountain. High-water mark. A lonely ride. The man of no account. Notes by flood and field. Waiting for the ship: a Fort Point idyl. A night at Wingdam -- Spanish and American legends: The legend of Monte del Diablo. The right eye of the commander. The legend of Devil's Point. The adventure of Padre Vicentio: a legend of San Francisco. The devil and the broker: a mediaeval legend. The ogress of silver land, or the diverting history of Prince Badfellah and Prince Bulleboye. The Christmas gift that came to Rupert: a story for little soldiers.
=506  \\ $a Public domain in the USA.
=516  \\ $a Text
=653  \\ $a Frontier and pioneer life -- West (U.S.) -- Fiction
=653  \\ $a Western stories
=830  \0 $a Project Gutenberg $v 6373
=856  40 $u http://www.gutenberg.org/ebooks/6373

