=LDR  00694nas  2200229uu 4500
=000  00568cam\a22001693a\4500
=001  6374
=003  PGUSA
=005  20161217030036.0
=008  040801s2004||||xxu|||||s|||||000\1\eng\d
=040  \\ $a PGUSA $b eng
=042  \\ $a dc
=050  \4$aPR
=100  1\ $a Brebner, Percy James, $d 1864-1922
=245  10 $a Princess Maritza $h [electronic resource] / $c Percy James Brebner
=260  \\ $b Project Gutenberg, $c 2004
=506  \\ $a Public domain in the USA.
=516  \\ $a Text
=653  \\ $a British -- Foreign countries -- Fiction
=653  \\ $a Adventure stories
=830  \0 $a Project Gutenberg $v 6374
=856  40 $u http://www.gutenberg.org/ebooks/6374

