=LDR  01421nas  2200229uu 4500
=000  00568cam\a22001693a\4500
=001  6375
=003  PGUSA
=005  20161217030036.0
=008  040801s2004||||xxu|||||s|||||000\p\eng\d
=040  \\ $a PGUSA $b eng
=042  \\ $a dc
=050  \4$aPR
=100  1\ $a Goldsmid, Edmund
=245  10 $a Quaint Gleanings from Ancient Poetry : $b $b A Collection of Curious Poetical Compositions of the XVIth, XVIIth, and XVIIIth Centuries $h [electronic resource] / $c Edmund Goldsmid
=260  \\ $b Project Gutenberg, $c 2004
=505  0\ $a Beauties fort -- My bonny lass, thine eye -- Anthony Munday's poem on the captivity of John Fox -- Care for thy soul -- Megliora spero -- A letter from the Duke of Monmouth to the King -- The King's answer -- An epitaph on Dundee -- The robber robb'd -- Ah! The shepherd's mournful fate -- Verses to a friend -- A panegyrick upon Oates -- The miracle -- The patriots -- Justice in masquerade -- The brawny bishop's lament -- The poor blind boy -- The Iniskilling regiment -- A ballad on the fleet -- On Mr. Fox and Mr. Hastings -- An imitation of Horace, bk. II, ode 16 -- Epitaph on Dr. Johnson -- Verses upon the road -- Satyr on the Scots -- The Marseillaise -- A dirge.
=506  \\ $a Public domain in the USA.
=516  \\ $a Text
=653  \\ $a English poetry
=830  \0 $a Project Gutenberg $v 6375
=856  40 $u http://www.gutenberg.org/ebooks/6375

