=LDR  00715nas  2200229uu 4500
=000  00568cam\a22001693a\4500
=001  6376
=003  PGUSA
=005  20161217030036.0
=008  040801s2004||||xxu|||||s|||||000\1\eng\d
=040  \\ $a PGUSA $b eng
=042  \\ $a dc
=050  \4$aPS
=100  1\ $a Southworth, Emma Dorothy Eliza Nevitte, $d 1819-1899
=245  10 $a Self-Raised; Or, From the Depths $h [electronic resource] / $c Emma Dorothy Eliza Nevitte Southworth
=260  \\ $b Project Gutenberg, $c 2004
=500  \\ $a Sequel to Ishmael.
=506  \\ $a Public domain in the USA.
=516  \\ $a Text
=653  \\ $a Fiction
=830  \0 $a Project Gutenberg $v 6376
=856  40 $u http://www.gutenberg.org/ebooks/6376

