=LDR  00656nas  2200229uu 4500
=000  00568cam\a22001693a\4500
=001  6377
=003  PGUSA
=005  20161217030036.0
=008  040801s2004||||xxu|||||s|||||000\1\fre\d
=040  \\ $a PGUSA $b fre
=042  \\ $a dc
=050  \4$aPQ
=100  1\ $a France, Anatole, $d 1844-1924
=245  10 $a Thaïs $h [electronic resource] / $c Anatole France
=260  \\ $b Project Gutenberg, $c 2004
=506  \\ $a Public domain in the USA.
=516  \\ $a Text
=653  \\ $a Christian women saints -- Fiction
=740  0\ $a Thais
=830  \0 $a Project Gutenberg $v 6377
=856  40 $u http://www.gutenberg.org/ebooks/6377

