=LDR  00854nas  2200277uu 4500
=000  00568cam\a22001693a\4500
=001  6378
=003  PGUSA
=005  20161217030036.0
=008  060109s2006||||xxu|||||s|||||000\1\eng\d
=040  \\ $a PGUSA $b eng
=042  \\ $a dc
=050  \4$aPR
=100  1\ $a Conrad, Joseph, $d 1857-1924
=245  10 $a Victory : $b An Island Tale $h [electronic resource] / $c Joseph Conrad
=260  \\ $b Project Gutenberg, $c 2006
=506  \\ $a Public domain in the USA.
=516  \\ $a Text
=653  \\ $a Women musicians -- Fiction
=653  \\ $a Europeans -- Indonesia -- Fiction
=653  \\ $a Indonesia -- Fiction
=653  \\ $a Psychological fiction
=653  \\ $a Abused women -- Fiction
=653  \\ $a Revenge -- Fiction
=830  \0 $a Project Gutenberg $v 6378
=856  40 $u http://www.gutenberg.org/ebooks/6378

