=LDR  00753nas  2200241uu 4500
=000  00568cam\a22001693a\4500
=001  6379
=003  PGUSA
=005  20161217030036.0
=008  040801s2004||||xxu|||||s|||||000\1\eng\d
=040  \\ $a PGUSA $b eng
=042  \\ $a dc
=050  \4$aPS
=100  1\ $a Beach, Rex, $d 1877-1949
=245  14 $a The Net $h [electronic resource] / $c Rex Beach
=260  \\ $b Project Gutenberg, $c 2004
=506  \\ $a Public domain in the USA.
=516  \\ $a Text
=653  \\ $a Sicily (Italy) -- Fiction
=653  \\ $a Mafia -- Louisiana -- New Orleans -- Fiction
=653  \\ $a Italian Americans -- Louisiana -- New Orleans -- Fiction
=830  \0 $a Project Gutenberg $v 6379
=856  40 $u http://www.gutenberg.org/ebooks/6379

