=LDR  00675nas  2200229uu 4500
=000  00568cam\a22001693a\4500
=001  6380
=003  PGUSA
=005  20161217030036.0
=008  040801s2004||||xxu|||||s|||||000\1\eng\d
=040  \\ $a PGUSA $b eng
=042  \\ $a dc
=050  \4$aPZ
=100  1\ $a Spyri, Johanna, $d 1827-1901
=245  10 $a Cornelli $h [electronic resource] / $c Johanna Spyri
=260  \\ $b Project Gutenberg, $c 2004
=506  \\ $a Public domain in the USA.
=516  \\ $a Text
=653  \\ $a Switzerland -- Juvenile fiction
=653  \\ $a Family -- Juvenile fiction
=830  \0 $a Project Gutenberg $v 6380
=856  40 $u http://www.gutenberg.org/ebooks/6380

