=LDR  00736nas  2200229uu 4500
=000  00568cam\a22001693a\4500
=001  6381
=003  PGUSA
=005  20161217030036.0
=008  040801s2004||||xxu|||||s|||||000\|\eng\d
=040  \\ $a PGUSA $b eng
=042  \\ $a dc
=050  \4$aF2001
=100  1\ $a Hearn, Lafcadio, $d 1850-1904
=245  10 $a Two Years in the French West Indies $h [electronic resource] / $c Lafcadio Hearn
=260  \\ $b Project Gutenberg, $c 2004
=506  \\ $a Public domain in the USA.
=516  \\ $a Text
=653  \\ $a Hearn, Lafcadio, 1850-1904 -- Travel -- Martinique
=653  \\ $a Martinique -- Description and travel
=830  \0 $a Project Gutenberg $v 6381
=856  40 $u http://www.gutenberg.org/ebooks/6381

