=LDR  00622nas  2200217uu 4500
=000  00568cam\a22001693a\4500
=001  6382
=003  PGUSA
=005  20161217030036.0
=008  040801s2004||||xxu|||||s|||||000\1\eng\d
=040  \\ $a PGUSA $b eng
=042  \\ $a dc
=050  \4$aPR
=100  1\ $a Rohmer, Sax, $d 1883-1959
=245  10 $a Bat Wing $h [electronic resource] / $c Sax Rohmer
=260  \\ $b Project Gutenberg, $c 2004
=506  \\ $a Public domain in the USA.
=516  \\ $a Text
=653  \\ $a Detective and mystery stories
=830  \0 $a Project Gutenberg $v 6382
=856  40 $u http://www.gutenberg.org/ebooks/6382

