=LDR  00763nas  2200241uu 4500
=000  00568cam\a22001693a\4500
=001  6383
=003  PGUSA
=005  20161217030036.0
=008  040801s2004||||xxu|||||s|||||000\|\ger\d
=040  \\ $a PGUSA $b ger
=042  \\ $a dc
=050  \4$aPT
=100  1\ $a Schiller, Friedrich, $d 1759-1805
=245  14 $a Die Jungfrau von Orleans $h [electronic resource] / $c Friedrich Schiller
=260  \\ $b Project Gutenberg, $c 2004
=506  \\ $a Public domain in the USA.
=516  \\ $a Text
=653  \\ $a Tragedies
=653  \\ $a France -- History -- Charles VII, 1422-1461 -- Drama
=653  \\ $a Joan, of Arc, Saint, 1412-1431 -- Drama
=830  \0 $a Project Gutenberg $v 6383
=856  40 $u http://www.gutenberg.org/ebooks/6383

