=LDR  00791nas  2200253uu 4500
=000  00568cam\a22001693a\4500
=001  6384
=003  PGUSA
=005  20161217030036.0
=008  040801s2004||||xxu|||||s|||||000\1\eng\d
=040  \\ $a PGUSA $b eng
=042  \\ $a dc
=050  \4$aPS
=100  1\ $a Wright, Harold Bell, $d 1872-1944
=245  10 $a That Printer of Udell's : $b A Story of the Middle West $h [electronic resource] / $c Harold Bell Wright
=260  \\ $b Project Gutenberg, $c 2004
=506  \\ $a Public domain in the USA.
=516  \\ $a Text
=653  \\ $a Middle West -- Fiction
=653  \\ $a Christian fiction
=653  \\ $a Printers -- Fiction
=653  \\ $a Young men -- Fiction
=830  \0 $a Project Gutenberg $v 6384
=856  40 $u http://www.gutenberg.org/ebooks/6384

