=LDR  00637nas  2200217uu 4500
=000  00568cam\a22001693a\4500
=001  6385
=003  PGUSA
=005  20161217030036.0
=008  040801s2004||||xxu|||||s|||||000\|\eng\d
=040  \\ $a PGUSA $b eng
=042  \\ $a dc
=050  \4$aTX
=100  1\ $a McGinnis, Mabel Earl, $d 1876-
=245  10 $a Simple Italian Cookery $h [electronic resource] / $c Mabel Earl McGinnis
=260  \\ $b Project Gutenberg, $c 2004
=506  \\ $a Public domain in the USA.
=516  \\ $a Text
=653  \\ $a Cooking, Italian
=830  \0 $a Project Gutenberg $v 6385
=856  40 $u http://www.gutenberg.org/ebooks/6385

