=LDR  00756nas  2200229uu 4500
=000  00568cam\a22001693a\4500
=001  6386
=003  PGUSA
=005  20161217030036.0
=008  041213s2004||||xxu|||||s|||||000\|\eng\d
=040  \\ $a PGUSA $b eng
=042  \\ $a dc
=050  \4$aDG
=100  1\ $a Forester, Thomas
=245  14 $a The Lives of the Twelve Caesars, Volume 01 : $b Julius Caesar $h [electronic resource] / $c Thomas Forester
=260  \\ $b Project Gutenberg, $c 2004
=506  \\ $a Public domain in the USA.
=516  \\ $a Text
=653  \\ $a Rome -- History -- Empire, 30 B.C.-284 A.D.
=653  \\ $a Emperors -- Rome -- Biography -- Early works to 1800
=830  \0 $a Project Gutenberg $v 6386
=856  40 $u http://www.gutenberg.org/ebooks/6386

