=LDR  00764nas  2200229uu 4500
=000  00568cam\a22001693a\4500
=001  6392
=003  PGUSA
=005  20161217030036.0
=008  041213s2004||||xxu|||||s|||||000\|\eng\d
=040  \\ $a PGUSA $b eng
=042  \\ $a dc
=050  \4$aDG
=100  1\ $a Thomson, Alexander, M.D.
=245  14 $a The Lives of the Twelve Caesars, Volume 07 : $b Galba $h [electronic resource] / $c Alexander, M.D. Thomson
=260  \\ $b Project Gutenberg, $c 2004
=506  \\ $a Public domain in the USA.
=516  \\ $a Text
=653  \\ $a Emperors -- Rome -- Biography -- Early works to 1800
=653  \\ $a Rome -- History -- Empire, 30 B.C.-284 A.D.
=830  \0 $a Project Gutenberg $v 6392
=856  40 $u http://www.gutenberg.org/ebooks/6392

