=LDR  00758nas  2200241uu 4500
=000  00568cam\a22001693a\4500
=001  6400
=003  PGUSA
=005  20161217030036.0
=008  041110s2004||||xxu|||||s|||||000\|\eng\d
=040  \\ $a PGUSA $b eng
=042  \\ $a dc
=050  \4$aDG
=100  1\ $a Suetonius
=245  14 $a The Lives of the Twelve Caesars, Complete $h [electronic resource] / $c Suetonius
=260  \\ $b Project Gutenberg, $c 2004
=506  \\ $a Public domain in the USA.
=516  \\ $a Text
=653  \\ $a Emperors -- Rome -- Biography -- Early works to 1800
=653  \\ $a Rome -- History -- Empire, 30 B.C.-284 A.D.
=740  0\ $a De vita Caesarum
=830  \0 $a Project Gutenberg $v 6400
=856  40 $u http://www.gutenberg.org/ebooks/6400

