=LDR  00733nas  2200241uu 4500
=000  00568cam\a22001693a\4500
=001  6401
=003  PGUSA
=005  20161217030036.0
=008  040901s2004||||xxu|||||s|||||000\1\eng\d
=040  \\ $a PGUSA $b eng
=042  \\ $a dc
=050  \4$aPS
=100  1\ $a Tarkington, Booth, $d 1869-1946
=245  10 $a Harlequin and Columbine $h [electronic resource] / $c Booth Tarkington
=260  \\ $b Project Gutenberg, $c 2004
=506  \\ $a Public domain in the USA.
=516  \\ $a Text
=653  \\ $a New York (N.Y.) -- Fiction
=653  \\ $a Actors and actresses -- Fiction
=653  \\ $a Theater -- Fiction
=830  \0 $a Project Gutenberg $v 6401
=856  40 $u http://www.gutenberg.org/ebooks/6401

