=LDR  00860nas  2200253uu 4500
=000  00568cam\a22001693a\4500
=001  6402
=003  PGUSA
=005  20161217030036.0
=008  040901s2004||||xxu|||||s|||||000\|\eng\d
=040  \\ $a PGUSA $b eng
=042  \\ $a dc
=050  \4$aG
=100  1\ $a Burton, Isabel, Lady, $d 1831-1896
=245  14 $a The Romance of Isabel Lady Burton : $b The Story of Her Life. Volume II $h [electronic resource] / $c Isabel, Lady Burton
=260  \\ $b Project Gutenberg, $c 2004
=506  \\ $a Public domain in the USA.
=516  \\ $a Text
=653  \\ $a Burton, Richard Francis, Sir, 1821-1890
=653  \\ $a Adventure and adventurers
=653  \\ $a Burton, Isabel, Lady, 1831-1896
=653  \\ $a Wives -- Great Britain -- Biography
=830  \0 $a Project Gutenberg $v 6402
=856  40 $u http://www.gutenberg.org/ebooks/6402

