=LDR  01265nas  2200241uu 4500
=000  00568cam\a22001693a\4500
=001  6404
=003  PGUSA
=005  20161217030036.0
=008  040901s2004||||xxu|||||s|||||000\e\eng\d
=040  \\ $a PGUSA $b eng
=042  \\ $a dc
=050  \4$aPR
=100  1\ $a White, William Hale, $d 1831-1913
=245  10 $a More Pages from a Journal $h [electronic resource] / $c William Hale White
=260  \\ $b Project Gutenberg, $c 2004
=505  0\ $a A bad dream -- Esther -- Kate Radcliffe -- Mr. Whittaker's retirement -- Confessions of a self-tormentor -- A letter to the 'Rambler' -- A letter from the authoress of 'Judith Crowhurst' -- Clearing-up after a storm in January -- The end of the north wind -- Romney Marsh -- Axmouth -- The preacher and the sea -- Conversion -- July -- A Sunday morning in November -- Under Beachy Head: December -- 24th December -- Dreaming -- Ourselves -- The riddle -- An epoch -- Belief -- Extracts from a diary on the Quantocks -- Godwin and Wordsworth -- Notes -- Shakespeare.
=506  \\ $a Public domain in the USA.
=516  \\ $a Text
=653  \\ $a Short stories, English
=653  \\ $a English essays
=830  \0 $a Project Gutenberg $v 6404
=856  40 $u http://www.gutenberg.org/ebooks/6404

