=LDR  00838nas  2200253uu 4500
=000  00568cam\a22001693a\4500
=001  6405
=003  PGUSA
=005  20161217030036.0
=008  040901s2004||||xxu|||||s|||||000\|\eng\d
=040  \\ $a PGUSA $b eng
=042  \\ $a dc
=050  \4$aDA
=050  \4$aPR
=100  1\ $a Yonge, Charlotte M. $q (Charlotte Mary), $d 1823-1901
=245  10 $a John Keble's Parishes : $b A History of Hursley and Otterbourne $h [electronic resource] / $c Charlotte M. Yonge
=260  \\ $b Project Gutenberg, $c 2004
=506  \\ $a Public domain in the USA.
=516  \\ $a Text
=653  \\ $a Hampshire (England) -- History
=653  \\ $a Hampshire (England) -- Description and travel
=653  \\ $a Keble, John, 1792-1866
=830  \0 $a Project Gutenberg $v 6405
=856  40 $u http://www.gutenberg.org/ebooks/6405

