=LDR  00818nas  2200265uu 4500
=000  00568cam\a22001693a\4500
=001  6406
=003  PGUSA
=005  20161217030036.0
=008  040901s2004||||xxu|||||s|||||000\1\eng\d
=040  \\ $a PGUSA $b eng
=042  \\ $a dc
=050  \4$aPR
=100  1\ $a Scott, Walter, $d 1771-1832
=245  14 $a The Monastery $h [electronic resource] / $c Walter Scott
=260  \\ $b Project Gutenberg, $c 2004
=506  \\ $a Public domain in the USA.
=516  \\ $a Text
=653  \\ $a Monks -- Fiction
=653  \\ $a Historical fiction
=653  \\ $a Monastic and religious life -- Fiction
=653  \\ $a Scotland -- History -- 16th century -- Fiction
=653  \\ $a Reformation -- Fiction
=830  \0 $a Project Gutenberg $v 6406
=856  40 $u http://www.gutenberg.org/ebooks/6406

