=LDR  00771nas  2200229uu 4500
=000  00568cam\a22001693a\4500
=001  6408
=003  PGUSA
=005  20161217030036.0
=008  040901s2004||||xxu|||||s|||||000\|\eng\d
=040  \\ $a PGUSA $b eng
=042  \\ $a dc
=050  \4$aPG
=100  1\ $a Garnett, Constance, $d 1861-1946
=245  10 $a Letters of Anton Chekhov to His Family and Friends $h [electronic resource] / $c Constance Garnett
=260  \\ $b Project Gutenberg, $c 2004
=506  \\ $a Public domain in the USA.
=516  \\ $a Text
=653  \\ $a Authors, Russian -- 19th century -- Correspondence
=653  \\ $a Chekhov, Anton Pavlovich, 1860-1904 -- Correspondence
=830  \0 $a Project Gutenberg $v 6408
=856  40 $u http://www.gutenberg.org/ebooks/6408

