=LDR  00771nas  2200253uu 4500
=000  00568cam\a22001693a\4500
=001  6409
=003  PGUSA
=005  20161217030036.0
=008  040901s2004||||xxu|||||s|||||000\|\eng\d
=040  \\ $a PGUSA $b eng
=042  \\ $a dc
=050  \4$aPE
=100  1\ $a Devlin, Joseph
=245  10 $a How to Speak and Write Correctly $h [electronic resource] / $c Joseph Devlin
=260  \\ $b Project Gutenberg, $c 2004
=506  \\ $a Public domain in the USA.
=516  \\ $a Text
=653  \\ $a English language -- Grammar
=653  \\ $a English language -- Rhetoric
=653  \\ $a English language -- Style
=653  \\ $a English language -- Usage
=830  \0 $a Project Gutenberg $v 6409
=856  40 $u http://www.gutenberg.org/ebooks/6409

