=LDR  00731nas  2200229uu 4500
=000  00568cam\a22001693a\4500
=001  6410
=003  PGUSA
=005  20161217030036.0
=008  040901s2004||||xxu|||||s|||||000\1\eng\d
=040  \\ $a PGUSA $b eng
=042  \\ $a dc
=050  \4$aPR
=100  1\ $a Hutchinson, A. S. M. $q (Arthur Stuart-Menteth), $d 1880-1971
=245  10 $a Once Aboard the Lugger-- The History of George and his Mary $h [electronic resource] / $c A. S. M. Hutchinson
=260  \\ $b Project Gutenberg, $c 2004
=506  \\ $a Public domain in the USA.
=516  \\ $a Text
=653  \\ $a Fiction
=653  \\ $a Humorous stories
=830  \0 $a Project Gutenberg $v 6410
=856  40 $u http://www.gutenberg.org/ebooks/6410

