=LDR  00633nas  2200217uu 4500
=000  00568cam\a22001693a\4500
=001  6411
=003  PGUSA
=005  20161217030036.0
=008  040901s2004||||xxu|||||s|||||000\|\eng\d
=040  \\ $a PGUSA $b eng
=042  \\ $a dc
=050  \4$aG
=100  1\ $a Carnegie, Andrew, $d 1835-1919
=245  10 $a Round the World $h [electronic resource] / $c Andrew Carnegie
=260  \\ $b Project Gutenberg, $c 2004
=506  \\ $a Public domain in the USA.
=516  \\ $a Text
=653  \\ $a Voyages around the world
=830  \0 $a Project Gutenberg $v 6411
=856  40 $u http://www.gutenberg.org/ebooks/6411

