=LDR  00643nas  2200217uu 4500
=000  00568cam\a22001693a\4500
=001  6412
=003  PGUSA
=005  20161217030036.0
=008  040901s2004||||xxu|||||s|||||000\1\eng\d
=040  \\ $a PGUSA $b eng
=042  \\ $a dc
=050  \4$aPS
=100  1\ $a Roe, Edward Payson, $d 1838-1888
=245  10 $a Nature's Serial Story $h [electronic resource] / $c Edward Payson Roe
=260  \\ $b Project Gutenberg, $c 2004
=506  \\ $a Public domain in the USA.
=516  \\ $a Text
=653  \\ $a Country life -- Fiction
=830  \0 $a Project Gutenberg $v 6412
=856  40 $u http://www.gutenberg.org/ebooks/6412

