=LDR  00727nas  2200229uu 4500
=000  00568cam\a22001693a\4500
=001  6413
=003  PGUSA
=005  20161217030036.0
=008  040901s2004||||xxu|||||s|||||000\|\eng\d
=040  \\ $a PGUSA $b eng
=042  \\ $a dc
=050  \4$aDK
=100  1\ $a Trotsky, Leon, $d 1879-1940
=245  10 $a From October to Brest-Litovsk $h [electronic resource] / $c Leon Trotsky
=260  \\ $b Project Gutenberg, $c 2004
=506  \\ $a Public domain in the USA.
=516  \\ $a Text
=653  \\ $a Soviet Union -- History -- Revolution, 1917-1921
=653  \\ $a Brest-Litovsk Peace Conference (1917-1918)
=830  \0 $a Project Gutenberg $v 6413
=856  40 $u http://www.gutenberg.org/ebooks/6413

