=LDR  00628nas  2200217uu 4500
=000  00568cam\a22001693a\4500
=001  6414
=003  PGUSA
=005  20161217030036.0
=008  040901s2004||||xxu|||||s|||||000\|\eng\d
=040  \\ $a PGUSA $b eng
=042  \\ $a dc
=050  \4$aQ
=100  1\ $a Huxley, Thomas Henry, $d 1825-1895
=245  10 $a Lectures and Essays $h [electronic resource] / $c Thomas Henry Huxley
=260  \\ $b Project Gutenberg, $c 2004
=506  \\ $a Public domain in the USA.
=516  \\ $a Text
=653  \\ $a Science
=830  \0 $a Project Gutenberg $v 6414
=856  40 $u http://www.gutenberg.org/ebooks/6414

