=LDR  00726nas  2200229uu 4500
=000  00568cam\a22001693a\4500
=001  6415
=003  PGUSA
=005  20161217030036.0
=008  040901s2004||||xxu|||||s|||||000\1\eng\d
=040  \\ $a PGUSA $b eng
=042  \\ $a dc
=050  \4$aPR
=100  1\ $a Hutchinson, A. S. M. $q (Arthur Stuart-Menteth), $d 1880-1971
=245  10 $a This Freedom $h [electronic resource] / $c A. S. M. Hutchinson
=260  \\ $b Project Gutenberg, $c 2004
=506  \\ $a Public domain in the USA.
=516  \\ $a Text
=653  \\ $a Women -- Social and moral questions -- Fiction
=653  \\ $a Marriage -- Fiction
=830  \0 $a Project Gutenberg $v 6415
=856  40 $u http://www.gutenberg.org/ebooks/6415

