=LDR  00659nas  2200229uu 4500
=000  00568cam\a22001693a\4500
=001  6416
=003  PGUSA
=005  20161217030036.0
=008  040901s2004||||xxu|||||s|||||000\|\eng\d
=040  \\ $a PGUSA $b eng
=042  \\ $a dc
=050  \4$aGV
=100  1\ $a Seeger, Frederica
=245  10 $a Entertainments for Home, Church and School $h [electronic resource] / $c Frederica Seeger
=260  \\ $b Project Gutenberg, $c 2004
=506  \\ $a Public domain in the USA.
=516  \\ $a Text
=653  \\ $a Amusements
=653  \\ $a Games
=830  \0 $a Project Gutenberg $v 6416
=856  40 $u http://www.gutenberg.org/ebooks/6416

