=LDR  00751nas  2200229uu 4500
=000  00568cam\a22001693a\4500
=001  6417
=003  PGUSA
=005  20161217030036.0
=008  040901s2004||||xxu|||||s|||||000\|\eng\d
=040  \\ $a PGUSA $b eng
=042  \\ $a dc
=050  \4$aD
=100  1\ $a Hayes, Carlton J. H. $q (Carlton Joseph Huntley), $d 1882-1964
=245  12 $a A Political and Social History of Modern Europe V.1. $h [electronic resource] / $c Carlton J. H. Hayes
=260  \\ $b Project Gutenberg, $c 2004
=506  \\ $a Public domain in the USA.
=516  \\ $a Text
=653  \\ $a Europe -- Politics and government
=653  \\ $a Europe -- History
=830  \0 $a Project Gutenberg $v 6417
=856  40 $u http://www.gutenberg.org/ebooks/6417

