=LDR  00928nas  2200277uu 4500
=000  00568cam\a22001693a\4500
=001  6418
=003  PGUSA
=005  20161217030036.0
=008  040901s2004||||xxu|||||s|||||000\1\eng\d
=040  \\ $a PGUSA $b eng
=042  \\ $a dc
=050  \4$aPZ
=050  \4$aPS
=100  1\ $a Sidney, Margaret, $d 1844-1924
=245  10 $a Five Little Peppers and their Friends $h [electronic resource] / $c Margaret Sidney
=260  \\ $b Project Gutenberg, $c 2004
=506  \\ $a Public domain in the USA.
=516  \\ $a Text
=653  \\ $a Brothers and sisters -- Juvenile fiction
=653  \\ $a Friendship -- Juvenile fiction
=653  \\ $a Family -- Juvenile fiction
=653  \\ $a Five Little Peppers (Fictitious characters) -- Juvenile fiction
=653  \\ $a Single-parent families -- Juvenile fiction
=830  \0 $a Project Gutenberg $v 6418
=856  40 $u http://www.gutenberg.org/ebooks/6418

