=LDR  00966nas  2200229uu 4500
=000  00568cam\a22001693a\4500
=001  6419
=003  PGUSA
=005  20161217030036.0
=008  040901s2004||||xxu|||||s|||||000\|\eng\d
=040  \\ $a PGUSA $b eng
=042  \\ $a dc
=050  \4$aZ
=110  1\ $a Library of Congress. Copyright Office
=245  10 $a Copyright Renewals 1959 $h [electronic resource] / $c Library of Congress. Copyright Office
=260  \\ $b Project Gutenberg, $c 2004
=500  \\ $a This is an unused empty file reserved many years ago for an ebook of the Project Gutenberg's "U.S. Copyright Renewals" series. Copyright Renewal's data for 1959, intended for this file number, were instead placed in these files: #11819 (Jan-Jun); #11820 (Jul-Dec)
=506  \\ $a Public domain in the USA.
=516  \\ $a Text
=653  \\ $a Copyright -- United States -- Catalogs
=830  \0 $a Project Gutenberg $v 6419
=856  40 $u http://www.gutenberg.org/ebooks/6419

