=LDR  00662nas  2200217uu 4500
=000  00568cam\a22001693a\4500
=001  6421
=003  PGUSA
=005  20161217030036.0
=008  040901s2004||||xxu|||||s|||||000\1\ger\d
=040  \\ $a PGUSA $b ger
=042  \\ $a dc
=050  \4$aPT
=100  1\ $a Meyer, Conrad Ferdinand, $d 1825-1898
=245  10 $a Angela Borgia $h [electronic resource] / $c Conrad Ferdinand Meyer
=260  \\ $b Project Gutenberg, $c 2004
=506  \\ $a Public domain in the USA.
=516  \\ $a Text
=653  \\ $a Italy -- History -- 1492-1559 -- Fiction
=830  \0 $a Project Gutenberg $v 6421
=856  40 $u http://www.gutenberg.org/ebooks/6421

