=LDR  00774nas  2200253uu 4500
=000  00568cam\a22001693a\4500
=001  6422
=003  PGUSA
=005  20161217030036.0
=008  040901s2004||||xxu|||||s|||||000\1\eng\d
=040  \\ $a PGUSA $b eng
=042  \\ $a dc
=050  \4$aPR
=100  1\ $a Defoe, Daniel, $d -1731
=245  14 $a The Life, Adventures and Piracies of the Famous Captain Singleton $h [electronic resource] / $c Daniel Defoe
=260  \\ $b Project Gutenberg, $c 2004
=506  \\ $a Public domain in the USA.
=516  \\ $a Text
=653  \\ $a Picaresque literature
=653  \\ $a Adventure stories
=653  \\ $a Sea stories
=653  \\ $a Pirates -- Fiction
=830  \0 $a Project Gutenberg $v 6422
=856  40 $u http://www.gutenberg.org/ebooks/6422

