=LDR  00677nas  2200217uu 4500
=000  00568cam\a22001693a\4500
=001  6423
=003  PGUSA
=005  20161217030036.0
=008  040901s2004||||xxu|||||s|||||000\|\eng\d
=040  \\ $a PGUSA $b eng
=042  \\ $a dc
=050  \4$aPS
=100  1\ $a Halleck, Reuben Post, $d 1859-1936
=245  10 $a History of American Literature $h [electronic resource] / $c Reuben Post Halleck
=260  \\ $b Project Gutenberg, $c 2004
=506  \\ $a Public domain in the USA.
=516  \\ $a Text
=653  \\ $a American literature -- History and criticism
=830  \0 $a Project Gutenberg $v 6423
=856  40 $u http://www.gutenberg.org/ebooks/6423

