=LDR  00629nas  2200217uu 4500
=000  00568cam\a22001693a\4500
=001  6424
=003  PGUSA
=005  20161217030036.0
=008  040901s2004||||xxu|||||s|||||000\|\eng\d
=040  \\ $a PGUSA $b eng
=042  \\ $a dc
=050  \4$aHX
=100  1\ $a Wells, H. G. $q (Herbert George), $d 1866-1946
=245  12 $a A Modern Utopia $h [electronic resource] / $c H. G. Wells
=260  \\ $b Project Gutenberg, $c 2004
=506  \\ $a Public domain in the USA.
=516  \\ $a Text
=653  \\ $a Utopias
=830  \0 $a Project Gutenberg $v 6424
=856  40 $u http://www.gutenberg.org/ebooks/6424

