=LDR  00846nas  2200241uu 4500
=000  00568cam\a22001693a\4500
=001  6426
=003  PGUSA
=005  20161217030036.0
=008  041114s2004||||xxu|||||s|||||000\1\eng\d
=040  \\ $a PGUSA $b eng
=042  \\ $a dc
=050  \4$aPZ
=100  1\ $a Hancock, H. Irving $q (Harrie Irving), $d 1868-1922
=245  10 $a Dick Prescott's First Year at West Point; Or, Two Chums in the Cadet Gray $h [electronic resource] / $c H. Irving Hancock
=260  \\ $b Project Gutenberg, $c 2004
=506  \\ $a Public domain in the USA.
=516  \\ $a Text
=653  \\ $a Military cadets -- United States -- Juvenile fiction
=653  \\ $a College stories
=653  \\ $a United States Military Academy -- Juvenile fiction
=830  \0 $a Project Gutenberg $v 6426
=856  40 $u http://www.gutenberg.org/ebooks/6426

