=LDR  00699nas  2200217uu 4500
=000  00568cam\a22001693a\4500
=001  6427
=003  PGUSA
=005  20161217030036.0
=008  040901s2004||||xxu|||||s|||||000\|\eng\d
=040  \\ $a PGUSA $b eng
=042  \\ $a dc
=050  \4$aDG
=100  1\ $a Gilman, Arthur, $d 1837-1909
=245  14 $a The Story of Rome from the Earliest Times to the End of the Republic $h [electronic resource] / $c Arthur Gilman
=260  \\ $b Project Gutenberg, $c 2004
=506  \\ $a Public domain in the USA.
=516  \\ $a Text
=653  \\ $a Rome -- History -- Republic, 510-30 B.C.
=830  \0 $a Project Gutenberg $v 6427
=856  40 $u http://www.gutenberg.org/ebooks/6427

