=LDR  00769nas  2200217uu 4500
=000  00568cam\a22001693a\4500
=001  6431
=003  PGUSA
=005  20161217030036.0
=008  040901s2004||||xxu|||||s|||||000\1\eng\d
=040  \\ $a PGUSA $b eng
=042  \\ $a dc
=050  \4$aPS
=100  1\ $a Hough, Emerson, $d 1857-1923
=245  14 $a The Law of the Land : $b $b Of Miss Lady, Whom It Involved in Mystery, and of John Eddring, Gentleman of the South, Who Read Its Deeper Meaning: A Novel $h [electronic resource] / $c Emerson Hough
=260  \\ $b Project Gutenberg, $c 2004
=506  \\ $a Public domain in the USA.
=516  \\ $a Text
=653  \\ $a Southern States -- Fiction
=830  \0 $a Project Gutenberg $v 6431
=856  40 $u http://www.gutenberg.org/ebooks/6431

