=LDR  00861nas  2200253uu 4500
=000  00568cam\a22001693a\4500
=001  6432
=003  PGUSA
=005  20161217030036.0
=008  040901s2004||||xxu|||||s|||||000\1\eng\d
=040  \\ $a PGUSA $b eng
=042  \\ $a dc
=050  \4$aPZ
=100  1\ $a Dunton, Edith K. $q (Edith Kellogg), $d 1875-
=245  10 $a Betty Wales, Sophomore $h [electronic resource] / $c Edith K. Dunton
=260  \\ $b Project Gutenberg, $c 2004
=506  \\ $a Public domain in the USA.
=516  \\ $a Text
=653  \\ $a Women college students -- Juvenile fiction
=653  \\ $a Friendship -- Juvenile fiction
=653  \\ $a Wales, Betty (Fictitious character) -- Juvenile fiction
=653  \\ $a Universities and colleges -- Juvenile fiction
=830  \0 $a Project Gutenberg $v 6432
=856  40 $u http://www.gutenberg.org/ebooks/6432

