=LDR  00778nas  2200229uu 4500
=000  00568cam\a22001693a\4500
=001  6433
=003  PGUSA
=005  20161217030036.0
=008  040901s2004||||xxu|||||s|||||000\1\eng\d
=040  \\ $a PGUSA $b eng
=042  \\ $a dc
=050  \4$aPZ
=100  1\ $a Stratemeyer, Edward, $d 1862-1930
=245  10 $a On the Trail of Pontiac; Or, The Pioneer Boys of the Ohio $h [electronic resource] / $c Edward Stratemeyer
=260  \\ $b Project Gutenberg, $c 2004
=506  \\ $a Public domain in the USA.
=516  \\ $a Text
=653  \\ $a Pontiac, Ottawa Chief, d. 1769 -- Juvenile fiction
=653  \\ $a Pontiac's Conspiracy, 1763-1765 -- Juvenile fiction
=830  \0 $a Project Gutenberg $v 6433
=856  40 $u http://www.gutenberg.org/ebooks/6433

