=LDR  00663nas  2200217uu 4500
=000  00568cam\a22001693a\4500
=001  6434
=003  PGUSA
=005  20161217030036.0
=008  040901s2004||||xxu|||||s|||||000\|\eng\d
=040  \\ $a PGUSA $b eng
=042  \\ $a dc
=050  \4$aE151
=100  1\ $a Steele, Joel Dorman, $d 1836-1886
=245  12 $a A Brief History of the United States $h [electronic resource] / $c Joel Dorman Steele
=260  \\ $b Project Gutenberg, $c 2004
=506  \\ $a Public domain in the USA.
=516  \\ $a Text
=653  \\ $a United States -- History
=830  \0 $a Project Gutenberg $v 6434
=856  40 $u http://www.gutenberg.org/ebooks/6434

