=LDR  00742nas  2200241uu 4500
=000  00568cam\a22001693a\4500
=001  6435
=003  PGUSA
=005  20161217030036.0
=008  040901s2004||||xxu|||||s|||||000\|\eng\d
=040  \\ $a PGUSA $b eng
=042  \\ $a dc
=050  \4$aT
=100  1\ $a Taylor, Frederick Winslow, $d 1856-1915
=245  14 $a The Principles of Scientific Management $h [electronic resource] / $c Frederick Winslow Taylor
=260  \\ $b Project Gutenberg, $c 2004
=506  \\ $a Public domain in the USA.
=516  \\ $a Text
=653  \\ $a Management
=653  \\ $a Industrial management
=653  \\ $a Industrial engineering
=830  \0 $a Project Gutenberg $v 6435
=856  40 $u http://www.gutenberg.org/ebooks/6435

