=LDR  00793nas  2200241uu 4500
=000  00568cam\a22001693a\4500
=001  6436
=003  PGUSA
=005  20161217030036.0
=008  040901s2004||||xxu|||||s|||||000\1\eng\d
=040  \\ $a PGUSA $b eng
=042  \\ $a dc
=050  \4$aPS
=100  1\ $a Woolson, Constance Fenimore, $d 1840-1894
=245  10 $a Castle Nowhere $h [electronic resource] / $c Constance Fenimore Woolson
=260  \\ $b Project Gutenberg, $c 2004
=506  \\ $a Public domain in the USA.
=516  \\ $a Text
=653  \\ $a Michigan -- Social life and customs -- Fiction
=653  \\ $a Great Lakes Region (North America) -- Fiction
=653  \\ $a Michigan, Lake, Region -- Fiction
=830  \0 $a Project Gutenberg $v 6436
=856  40 $u http://www.gutenberg.org/ebooks/6436

