=LDR  00807nas  2200217uu 4500
=000  00568cam\a22001693a\4500
=001  6437
=003  PGUSA
=005  20161217030036.0
=008  040901s2004||||xxu|||||s|||||000\1\eng\d
=040  \\ $a PGUSA $b eng
=042  \\ $a dc
=050  \4$aPR
=100  1\ $a Quiller-Couch, Arthur, $d 1863-1944
=245  14 $a The Splendid Spur : $b $b Being Memoirs of the Adventures of Mr. John Marvel, a Servant of His Late Majesty King Charles I, in the Years 1642-3 $h [electronic resource] / $c Arthur Quiller-Couch
=260  \\ $b Project Gutenberg, $c 2004
=506  \\ $a Public domain in the USA.
=516  \\ $a Text
=653  \\ $a Great Britain -- History -- Charles I, 1625-1649 -- Fiction
=830  \0 $a Project Gutenberg $v 6437
=856  40 $u http://www.gutenberg.org/ebooks/6437

