=LDR  01648nas  2200241uu 4500
=000  00568cam\a22001693a\4500
=001  6438
=003  PGUSA
=005  20161217030036.0
=008  040901s2004||||xxu|||||s|||||000\p\eng\d
=040  \\ $a PGUSA $b eng
=042  \\ $a dc
=050  \4$aPS
=100  1\ $a Carryl, Guy Wetmore, $d 1873-1904
=245  10 $a Fables for the Frivolous $h [electronic resource] / $c Guy Wetmore Carryl
=260  \\ $b Project Gutenberg, $c 2004
=505  0\ $a The ambitious fox and the unapproachable grapes -- The persevering tortoise and the pretentious hare -- The patrician peacocks and the overweening jay -- The arrogant frog and the superior bull -- The domineering eagle and the inventive bratling -- The iconoclastic rustic and the apropos acorn -- The unusual goose and the imbecilic woodcutter -- The rude rat and the unostentatious oyster -- The urban rat and the suburban rat -- The impecunious cricket and the frugal ant -- The pampered lapdog and the misguided ass -- The vainglorious oak and the modest bullrush -- The inhuman wolf and the lamb sans gene -- The sycophantic fox and the gullible raven -- The microscopic trout and the machiavellian fisherman -- The confiding peasant and the maladroit bear -- The precipitate cock and the unappreciated pearl -- The abbreviated fox and his sceptical comrades -- The hospitable caledonian and the thankless viper -- The impetuous breeze and the diplomatic sun.
=506  \\ $a Public domain in the USA.
=516  \\ $a Text
=653  \\ $a Humorous poetry
=653  \\ $a Fables
=830  \0 $a Project Gutenberg $v 6438
=856  40 $u http://www.gutenberg.org/ebooks/6438

