=LDR  00713nas  2200229uu 4500
=000  00568cam\a22001693a\4500
=001  6439
=003  PGUSA
=005  20161217030036.0
=008  040901s2004||||xxu|||||s|||||000\1\eng\d
=040  \\ $a PGUSA $b eng
=042  \\ $a dc
=050  \4$aPZ
=100  1\ $a Carr, Annie Roe
=245  10 $a Nan Sherwood at Rose Ranch; Or, The Old Mexican's Treasure $h [electronic resource] / $c Annie Roe Carr
=260  \\ $b Project Gutenberg, $c 2004
=506  \\ $a Public domain in the USA.
=516  \\ $a Text
=653  \\ $a Schools -- Juvenile fiction
=653  \\ $a Ranch life -- Juvenile fiction
=830  \0 $a Project Gutenberg $v 6439
=856  40 $u http://www.gutenberg.org/ebooks/6439

