=LDR  00926nas  2200265uu 4500
=000  00568cam\a22001693a\4500
=001  6440
=003  PGUSA
=005  20161217030036.0
=008  040901s2004||||xxu|||||s|||||000\1\eng\d
=040  \\ $a PGUSA $b eng
=042  \\ $a dc
=050  \4$aPZ
=100  1\ $a Finley, Martha, $d 1828-1909
=245  10 $a Elsie Dinsmore $h [electronic resource] / $c Martha Finley
=260  \\ $b Project Gutenberg, $c 2004
=506  \\ $a Public domain in the USA.
=516  \\ $a Text
=653  \\ $a Family life -- Southern States -- Juvenile fiction
=653  \\ $a Fathers and daughters -- Juvenile fiction
=653  \\ $a Dinsmore, Elsie (Fictitious character) -- Juvenile fiction
=653  \\ $a Southern States -- History -- 19th century -- Juvenile fiction
=653  \\ $a Christian life -- Juvenile fiction
=830  \0 $a Project Gutenberg $v 6440
=856  40 $u http://www.gutenberg.org/ebooks/6440

