=LDR  01109nas  2200265uu 4500
=000  00568cam\a22001693a\4500
=001  6441
=003  PGUSA
=005  20161217030036.0
=008  040901s2004||||xxu|||||s|||||000\|\eng\d
=040  \\ $a PGUSA $b eng
=042  \\ $a dc
=050  \4$aQH
=050  \4$aPE
=100  1\ $a Parker, Francis W. $q (Francis Wayland), $d 1837-1902
=245  10 $a Uncle Robert's Geography (Uncle Robert's Visit, V.3) $h [electronic resource] / $c Francis W. Parker
=260  \\ $b Project Gutenberg, $c 2004
=505  0\ $a Uncle Robert's coming -- Frank draws a map of the farm -- The new thermometer -- With the animals -- In the flower garden -- Sunlight and shadow -- The barometer -- A walk in the woods -- The birds and the flowers -- The thundershower -- The village -- A day on the river -- A rainy day -- The walk after the rain -- The big book.
=506  \\ $a Public domain in the USA.
=516  \\ $a Text
=653  \\ $a Natural history
=653  \\ $a Readers
=653  \\ $a Farm life
=830  \0 $a Project Gutenberg $v 6441
=856  40 $u http://www.gutenberg.org/ebooks/6441

