=LDR  00641nas  2200217uu 4500
=000  00568cam\a22001693a\4500
=001  6442
=003  PGUSA
=005  20161217030036.0
=008  040901s2004||||xxu|||||s|||||000\p\eng\d
=040  \\ $a PGUSA $b eng
=042  \\ $a dc
=050  \4$aPS
=100  1\ $a Holland, J. G. $q (Josiah Gilbert), $d 1819-1881
=245  10 $a Bitter-Sweet : $b A Poem $h [electronic resource] / $c J. G. Holland
=260  \\ $b Project Gutenberg, $c 2004
=506  \\ $a Public domain in the USA.
=516  \\ $a Text
=653  \\ $a Poetry
=830  \0 $a Project Gutenberg $v 6442
=856  40 $u http://www.gutenberg.org/ebooks/6442

