=LDR  01058nas  2200253uu 4500
=000  00568cam\a22001693a\4500
=001  6443
=003  PGUSA
=005  20161217030036.0
=008  040901s2004||||xxu|||||s|||||000\|\eng\d
=040  \\ $a PGUSA $b eng
=042  \\ $a dc
=050  \4$aPZ
=050  \4$aML
=100  1\ $a Frost, William Henry, $d 1863-1902
=245  14 $a The Wagner Story Book : $b Firelight Tales of the Great Music Dramas $h [electronic resource] / $c William Henry Frost
=260  \\ $b Project Gutenberg, $c 2004
=505  0\ $a The stolen treasure -- The daughter of the god -- The hero who knew no fear -- The end of the ring -- The knight of the swan -- The prize of a song -- The blood-red sail -- The love potion -- The minstrel knight -- The King of the Grail -- The ashes.
=506  \\ $a Public domain in the USA.
=516  \\ $a Text
=653  \\ $a Wagner, Richard, 1813-1883 -- Stories, plots, etc.
=653  \\ $a Operas -- Stories, plots, etc.
=830  \0 $a Project Gutenberg $v 6443
=856  40 $u http://www.gutenberg.org/ebooks/6443

