=LDR  01105nas  2200265uu 4500
=000  00568cam\a22001693a\4500
=001  6445
=003  PGUSA
=005  20161217030036.0
=008  040901s2004||||xxu|||||s|||||000\|\eng\d
=040  \\ $a PGUSA $b eng
=042  \\ $a dc
=050  \4$aPR
=100  1\ $a James, Henry, $d 1843-1916
=245  10 $a Letters from America $h [electronic resource] / $c Henry James
=260  \\ $b Project Gutenberg, $c 2004
=505  0\ $a Arrival -- New York -- New York (continued) -- Boston and Harvard -- Montreal and Ottawa -- Quebec and the Saguenay -- Ontario -- Niagara Falls -- To Winnipeg -- Outside -- The prairies -- The Indians -- The Rockies -- Some niggers -- An unusual young man.
=506  \\ $a Public domain in the USA.
=516  \\ $a Text
=653  \\ $a Canada -- Description and travel
=653  \\ $a Poets, English -- 20th century -- Biography
=653  \\ $a United States -- Description and travel
=653  \\ $a Brooke, Rupert, 1887-1915 -- Travel -- North America
=830  \0 $a Project Gutenberg $v 6445
=856  40 $u http://www.gutenberg.org/ebooks/6445

