=LDR  00727nas  2200229uu 4500
=000  00568cam\a22001693a\4500
=001  6446
=003  PGUSA
=005  20161217030036.0
=008  040901s2004||||xxu|||||s|||||000\1\eng\d
=040  \\ $a PGUSA $b eng
=042  \\ $a dc
=050  \4$aPS
=100  1\ $a Crawford, F. Marion $q (Francis Marion), $d 1854-1909
=245  10 $a Greifenstein $h [electronic resource] / $c F. Marion Crawford
=260  \\ $b Project Gutenberg, $c 2004
=506  \\ $a Public domain in the USA.
=516  \\ $a Text
=653  \\ $a Students -- Germany -- Fiction
=653  \\ $a Germany -- Social life and customs -- Fiction
=830  \0 $a Project Gutenberg $v 6446
=856  40 $u http://www.gutenberg.org/ebooks/6446

