=LDR  00775nas  2200241uu 4500
=000  00568cam\a22001693a\4500
=001  6447
=003  PGUSA
=005  20161217030036.0
=008  040901s2004||||xxu|||||s|||||000\|\eng\d
=040  \\ $a PGUSA $b eng
=042  \\ $a dc
=050  \4$aPR
=100  1\ $a Shelley, Mary Wollstonecraft, $d 1797-1851
=245  10 $a Proserpine and Midas $h [electronic resource] / $c Mary Wollstonecraft Shelley
=260  \\ $b Project Gutenberg, $c 2004
=506  \\ $a Public domain in the USA.
=516  \\ $a Text
=653  \\ $a Midas (Legendary character) -- Drama
=653  \\ $a Mythology, Classical -- Drama
=653  \\ $a Proserpina (Roman deity) -- Drama
=830  \0 $a Project Gutenberg $v 6447
=856  40 $u http://www.gutenberg.org/ebooks/6447

