=LDR  00928nas  2200229uu 4500
=000  00568cam\a22001693a\4500
=001  6449
=003  PGUSA
=005  20161217030036.0
=008  040901s2004||||xxu|||||s|||||000\|\eng\d
=040  \\ $a PGUSA $b eng
=042  \\ $a dc
=050  \4$aCT
=100  1\ $a Hubbard, Elbert, $d 1856-1915
=245  10 $a Little Journeys to the Homes of the Great - Volume 09 : $b $b Little Journeys to the Homes of Great Reformers $h [electronic resource] / $c Elbert Hubbard
=260  \\ $b Project Gutenberg, $c 2004
=505  0\ $a John Wesley -- Henry George -- Garibaldi -- Richard Cobden -- Thomas Paine -- John Knox -- John Bright -- Bradlaugh -- Theodore Parker -- Oliver Cromwell -- Anne Hutchinson -- Jean Jacques Rousseau.
=506  \\ $a Public domain in the USA.
=516  \\ $a Text
=653  \\ $a Reformers
=830  \0 $a Project Gutenberg $v 6449
=856  40 $u http://www.gutenberg.org/ebooks/6449

