=LDR  00853nas  2200265uu 4500
=000  00568cam\a22001693a\4500
=001  6450
=003  PGUSA
=005  20161217030036.0
=008  040901s2004||||xxu|||||s|||||000\1\eng\d
=040  \\ $a PGUSA $b eng
=042  \\ $a dc
=050  \4$aPS
=100  1\ $a Cooper, James Fenimore, $d 1789-1851
=245  14 $a The Prairie $h [electronic resource] / $c James Fenimore Cooper
=260  \\ $b Project Gutenberg, $c 2004
=506  \\ $a Public domain in the USA.
=516  \\ $a Text
=653  \\ $a Bumppo, Natty (Fictitious character) -- Fiction
=653  \\ $a West (U.S.) -- History -- To 1848 -- Fiction
=653  \\ $a Historical fiction
=653  \\ $a Indians of North America -- Fiction
=653  \\ $a Western stories
=830  \0 $a Project Gutenberg $v 6450
=856  40 $u http://www.gutenberg.org/ebooks/6450

