=LDR  00886nas  2200265uu 4500
=000  00568cam\a22001693a\4500
=001  6451
=003  PGUSA
=005  20161217030036.0
=008  040901s2004||||xxu|||||s|||||000\1\eng\d
=040  \\ $a PGUSA $b eng
=042  \\ $a dc
=050  \4$aPZ
=100  1\ $a Stratemeyer, Edward, $d 1862-1930
=245  14 $a The Rover Boys on the Great Lakes; Or, The Secret of the Island Cave $h [electronic resource] / $c Edward Stratemeyer
=260  \\ $b Project Gutenberg, $c 2004
=506  \\ $a Public domain in the USA.
=516  \\ $a Text
=653  \\ $a Sailing -- Juvenile fiction
=653  \\ $a Erie, Lake -- Juvenile fiction
=653  \\ $a Brothers -- Juvenile fiction
=653  \\ $a Yachts -- Juvenile fiction
=653  \\ $a Kidnapping -- Juvenile fiction
=830  \0 $a Project Gutenberg $v 6451
=856  40 $u http://www.gutenberg.org/ebooks/6451

