=LDR  00610nas  2200217uu 4500
=000  00568cam\a22001693a\4500
=001  6452
=003  PGUSA
=005  20161217030036.0
=008  040901s2004||||xxu|||||s|||||000\p\eng\d
=040  \\ $a PGUSA $b eng
=042  \\ $a dc
=050  \4$aPR
=100  1\ $a Masefield, John, $d 1878-1967
=245  10 $a Right Royal $h [electronic resource] / $c John Masefield
=260  \\ $b Project Gutenberg, $c 2004
=506  \\ $a Public domain in the USA.
=516  \\ $a Text
=653  \\ $a Poetry
=830  \0 $a Project Gutenberg $v 6452
=856  40 $u http://www.gutenberg.org/ebooks/6452

