=LDR  00718nas  2200229uu 4500
=000  00568cam\a22001693a\4500
=001  6453
=003  PGUSA
=005  20161217030036.0
=008  040901s2004||||xxu|||||s|||||000\1\eng\d
=040  \\ $a PGUSA $b eng
=042  \\ $a dc
=050  \4$aPS
=100  1\ $a Curtis, George William, $d 1824-1892
=245  14 $a The Potiphar Papers $h [electronic resource] / $c George William Curtis
=260  \\ $b Project Gutenberg, $c 2004
=506  \\ $a Public domain in the USA.
=516  \\ $a Text
=653  \\ $a United States -- Social life and customs -- 19th century -- Fiction
=653  \\ $a Satire
=830  \0 $a Project Gutenberg $v 6453
=856  40 $u http://www.gutenberg.org/ebooks/6453

