=LDR  00665nas  2200217uu 4500
=000  00568cam\a22001693a\4500
=001  6455
=003  PGUSA
=005  20161217030036.0
=008  040901s2004||||xxu|||||s|||||000\1\eng\d
=040  \\ $a PGUSA $b eng
=042  \\ $a dc
=050  \4$aPS
=100  1\ $a London, Jack, $d 1876-1916
=245  14 $a The Little Lady of the Big House $h [electronic resource] / $c Jack London
=260  \\ $b Project Gutenberg, $c 2004
=506  \\ $a Public domain in the USA.
=516  \\ $a Text
=653  \\ $a Triangles (Interpersonal relations) -- Fiction
=830  \0 $a Project Gutenberg $v 6455
=856  40 $u http://www.gutenberg.org/ebooks/6455

