=LDR  00821nas  2200265uu 4500
=000  00568cam\a22001693a\4500
=001  6456
=003  PGUSA
=005  20161217030036.0
=008  040901s2004||||xxu|||||s|||||000\|\eng\d
=040  \\ $a PGUSA $b eng
=042  \\ $a dc
=050  \4$aHM
=100  1\ $a Lippmann, Walter, $d 1889-1974
=245  10 $a Public Opinion $h [electronic resource] / $c Walter Lippmann
=260  \\ $b Project Gutenberg, $c 2004
=506  \\ $a Public domain in the USA.
=516  \\ $a Text
=653  \\ $a Social psychology
=653  \\ $a Public opinion
=653  \\ $a Social psychology -- United States
=653  \\ $a Public opinion -- United States
=653  \\ $a United States -- Politics and government
=830  \0 $a Project Gutenberg $v 6456
=856  40 $u http://www.gutenberg.org/ebooks/6456

