=LDR  00762nas  2200229uu 4500
=000  00568cam\a22001693a\4500
=001  6458
=003  PGUSA
=005  20161217030036.0
=008  040901s2004||||xxu|||||s|||||000\1\eng\d
=040  \\ $a PGUSA $b eng
=042  \\ $a dc
=050  \4$aPZ
=100  1\ $a Beach, Charles Amory
=245  10 $a Air Service Boys in the Big Battle; Or, Silencing the Big Guns $h [electronic resource] / $c Charles Amory Beach
=260  \\ $b Project Gutenberg, $c 2004
=506  \\ $a Public domain in the USA.
=516  \\ $a Text
=653  \\ $a World War, 1914-1918 -- Aerial operations -- Juvenile fiction
=653  \\ $a Aeronautics -- Juvenile fiction
=830  \0 $a Project Gutenberg $v 6458
=856  40 $u http://www.gutenberg.org/ebooks/6458

