=LDR  00814nas  2200253uu 4500
=000  00568cam\a22001693a\4500
=001  6459
=003  PGUSA
=005  20161217030036.0
=008  040901s2004||||xxu|||||s|||||000\1\eng\d
=040  \\ $a PGUSA $b eng
=042  \\ $a dc
=050  \4$aPZ
=100  1\ $a Burnham, Margaret
=245  14 $a The Girl Aviators on Golden Wings $h [electronic resource] / $c Margaret Burnham
=260  \\ $b Project Gutenberg, $c 2004
=506  \\ $a Public domain in the USA.
=516  \\ $a Text
=653  \\ $a Adventure and adventurers -- Juvenile fiction
=653  \\ $a Aeronautics -- Juvenile fiction
=653  \\ $a Women air pilots -- Juvenile fiction
=653  \\ $a Airplanes -- Juvenile fiction
=830  \0 $a Project Gutenberg $v 6459
=856  40 $u http://www.gutenberg.org/ebooks/6459

