=LDR  00824nas  2200253uu 4500
=000  00568cam\a22001693a\4500
=001  6460
=003  PGUSA
=005  20161217030036.0
=008  040901s2004||||xxu|||||s|||||000\|\eng\d
=040  \\ $a PGUSA $b eng
=042  \\ $a dc
=050  \4$aJK
=100  1\ $a Williamson, Thames, $d 1894-1961
=245  10 $a Problems in American Democracy $h [electronic resource] / $c Thames Williamson
=260  \\ $b Project Gutenberg, $c 2004
=506  \\ $a Public domain in the USA.
=516  \\ $a Text
=653  \\ $a United States -- Politics and government
=653  \\ $a Social problems
=653  \\ $a United States -- Social conditions
=653  \\ $a United States -- Economic conditions -- 1918-1945
=830  \0 $a Project Gutenberg $v 6460
=856  40 $u http://www.gutenberg.org/ebooks/6460

