=LDR  00790nas  2200253uu 4500
=000  00568cam\a22001693a\4500
=001  6461
=003  PGUSA
=005  20161217030036.0
=008  040901s2004||||xxu|||||s|||||000\1\eng\d
=040  \\ $a PGUSA $b eng
=042  \\ $a dc
=050  \4$aPZ
=100  1\ $a Alger, Horatio, $c Jr, $d 1832-1899
=245  10 $a Facing the World $h [electronic resource] / $c Horatio, Alger
=260  \\ $b Project Gutenberg, $c 2004
=506  \\ $a Public domain in the USA.
=516  \\ $a Text
=653  \\ $a Conduct of life -- Juvenile fiction
=653  \\ $a Heroes -- Juvenile fiction
=653  \\ $a Shipwrecks -- Juvenile fiction
=653  \\ $a Orphans -- Juvenile fiction
=830  \0 $a Project Gutenberg $v 6461
=856  40 $u http://www.gutenberg.org/ebooks/6461

