=LDR  00731nas  2200217uu 4500
=000  00568cam\a22001693a\4500
=001  6462
=003  PGUSA
=005  20161217030036.0
=008  040901s2004||||xxu|||||s|||||000\|\eng\d
=040  \\ $a PGUSA $b eng
=042  \\ $a dc
=050  \4$aE011
=100  1\ $a Yarrow, H. C. $q (Harry Crécy), $d 1840-1929
=245  13 $a An Introduction to the mortuary customs of the North American Indians $h [electronic resource] / $c H. C. Yarrow
=260  \\ $b Project Gutenberg, $c 2004
=506  \\ $a Public domain in the USA.
=516  \\ $a Text
=653  \\ $a Indians of North America -- Funeral customs and rites
=830  \0 $a Project Gutenberg $v 6462
=856  40 $u http://www.gutenberg.org/ebooks/6462

