=LDR  00645nas  2200217uu 4500
=000  00568cam\a22001693a\4500
=001  6463
=003  PGUSA
=005  20161217030036.0
=008  040901s2004||||xxu|||||s|||||000\|\eng\d
=040  \\ $a PGUSA $b eng
=042  \\ $a dc
=050  \4$aBJ
=100  1\ $a Fullerton, George Stuart, $d 1859-1925
=245  12 $a A Handbook of Ethical Theory $h [electronic resource] / $c George Stuart Fullerton
=260  \\ $b Project Gutenberg, $c 2004
=506  \\ $a Public domain in the USA.
=516  \\ $a Text
=653  \\ $a Ethics
=830  \0 $a Project Gutenberg $v 6463
=856  40 $u http://www.gutenberg.org/ebooks/6463

