=LDR  00947nas  2200253uu 4500
=000  00568cam\a22001693a\4500
=001  6465
=003  PGUSA
=005  20161217030036.0
=008  040901s2004||||xxu|||||s|||||000\1\eng\d
=040  \\ $a PGUSA $b eng
=042  \\ $a dc
=050  \4$aPR
=100  1\ $a Jacobs, W. W. $q (William Wymark), $d 1863-1943
=245  10 $a Short Cruises $h [electronic resource] / $c W. W. Jacobs
=260  \\ $b Project Gutenberg, $c 2004
=505  0\ $a The changeling -- Mixed relations -- His lordship -- Alf's dream -- A distant relative -- The test -- In the family -- A love-knot -- Her uncle -- The dreamer -- Angels' visits.
=506  \\ $a Public domain in the USA.
=516  \\ $a Text
=653  \\ $a River life -- Fiction
=653  \\ $a Humorous stories, English
=653  \\ $a England -- Social life and customs -- Fiction
=830  \0 $a Project Gutenberg $v 6465
=856  40 $u http://www.gutenberg.org/ebooks/6465

