=LDR  00775nas  2200229uu 4500
=000  00568cam\a22001693a\4500
=001  6466
=003  PGUSA
=005  20161217030036.0
=008  040901s2004||||xxu|||||s|||||000\|\eng\d
=040  \\ $a PGUSA $b eng
=042  \\ $a dc
=050  \4$aF1001
=100  1\ $a Bourinot, John George, $d 1837-1902
=245  14 $a The Intellectual Development of the Canadian People : $b An Historical Review $h [electronic resource] / $c John George Bourinot
=260  \\ $b Project Gutenberg, $c 2004
=506  \\ $a Public domain in the USA.
=516  \\ $a Text
=653  \\ $a Canada -- Intellectual life
=653  \\ $a Canadian literature -- History and criticism
=830  \0 $a Project Gutenberg $v 6466
=856  40 $u http://www.gutenberg.org/ebooks/6466

