=LDR  00796nas  2200241uu 4500
=000  00568cam\a22001693a\4500
=001  6467
=003  PGUSA
=005  20161217030036.0
=008  060422s2006||||xxu|||||s|||||000\|\eng\d
=040  \\ $a PGUSA $b eng
=042  \\ $a dc
=050  \4$aE740
=100  1\ $a Roosevelt, Theodore, $d 1858-1919
=245  10 $a Letters to His Children $h [electronic resource] / $c Theodore Roosevelt
=260  \\ $b Project Gutenberg, $c 2006
=506  \\ $a Public domain in the USA.
=516  \\ $a Text
=653  \\ $a Children of presidents -- United States
=653  \\ $a Presidents -- United States -- Correspondence
=653  \\ $a Roosevelt, Theodore, 1858-1919 -- Correspondence
=830  \0 $a Project Gutenberg $v 6467
=856  40 $u http://www.gutenberg.org/ebooks/6467

