=LDR  00700nas  2200229uu 4500
=000  00568cam\a22001693a\4500
=001  6468
=003  PGUSA
=005  20161217030036.0
=008  040901s2004||||xxu|||||s|||||000\1\eng\d
=040  \\ $a PGUSA $b eng
=042  \\ $a dc
=050  \4$aPZ
=100  1\ $a Rockwood, Roy
=245  10 $a On a Torn-Away World; Or, the Captives of the Great Earthquake $h [electronic resource] / $c Roy Rockwood
=260  \\ $b Project Gutenberg, $c 2004
=500  \\ $a Great Marvel Series: Volume 6
=506  \\ $a Public domain in the USA.
=516  \\ $a Text
=653  \\ $a Science fiction
=830  \0 $a Project Gutenberg $v 6468
=856  40 $u http://www.gutenberg.org/ebooks/6468

