=LDR  00680nas  2200217uu 4500
=000  00568cam\a22001693a\4500
=001  6469
=003  PGUSA
=005  20161217030036.0
=008  040901s2004||||xxu|||||s|||||000\|\eng\d
=040  \\ $a PGUSA $b eng
=042  \\ $a dc
=050  \4$aDA
=100  1\ $a Greenwood, Grace, $d 1823-1904
=245  10 $a Queen Victoria, her girlhood and womanhood $h [electronic resource] / $c Grace Greenwood
=260  \\ $b Project Gutenberg, $c 2004
=506  \\ $a Public domain in the USA.
=516  \\ $a Text
=653  \\ $a Victoria, Queen of Great Britain, 1819-1901
=830  \0 $a Project Gutenberg $v 6469
=856  40 $u http://www.gutenberg.org/ebooks/6469

