=LDR  00667nas  2200229uu 4500
=000  00568cam\a22001693a\4500
=001  6470
=003  PGUSA
=005  20161217030036.0
=008  040901s2004||||xxu|||||s|||||000\1\fre\d
=040  \\ $a PGUSA $b fre
=042  \\ $a dc
=050  \4$aPQ
=100  1\ $a Zola, Émile, $d 1840-1902
=245  13 $a Le Ventre de Paris $h [electronic resource] / $c Émile Zola
=260  \\ $b Project Gutenberg, $c 2004
=506  \\ $a Public domain in the USA.
=516  \\ $a Text
=653  \\ $a Paris (France) -- Fiction
=653  \\ $a Historical fiction
=830  \0 $a Project Gutenberg $v 6470
=856  40 $u http://www.gutenberg.org/ebooks/6470

