=LDR  00784nas  2200241uu 4500
=000  00568cam\a22001693a\4500
=001  6471
=003  PGUSA
=005  20161217030036.0
=008  040901s2004||||xxu|||||s|||||000\1\eng\d
=040  \\ $a PGUSA $b eng
=042  \\ $a dc
=050  \4$aPZ
=100  1\ $a Marryat, Frederick, $d 1792-1848
=245  14 $a The Children of the New Forest $h [electronic resource] / $c Frederick Marryat
=260  \\ $b Project Gutenberg, $c 2004
=506  \\ $a Public domain in the USA.
=516  \\ $a Text
=653  \\ $a New Forest (England : Forest) -- Fiction
=653  \\ $a Great Britain -- History -- Civil War, 1642-1649 -- Fiction
=653  \\ $a Orphans -- Fiction
=830  \0 $a Project Gutenberg $v 6471
=856  40 $u http://www.gutenberg.org/ebooks/6471

