=LDR  00681nas  2200217uu 4500
=000  00568cam\a22001693a\4500
=001  6472
=003  PGUSA
=005  20161217030036.0
=008  040901s2004||||xxu|||||s|||||000\1\eng\d
=040  \\ $a PGUSA $b eng
=042  \\ $a dc
=050  \4$aPZ
=100  1\ $a Henty, G. A. $q (George Alfred), $d 1832-1902
=245  10 $a On the Pampas; Or, The Young Settlers $h [electronic resource] / $c G. A. Henty
=260  \\ $b Project Gutenberg, $c 2004
=506  \\ $a Public domain in the USA.
=516  \\ $a Text
=653  \\ $a Pampas (Argentina) -- Juvenile fiction
=830  \0 $a Project Gutenberg $v 6472
=856  40 $u http://www.gutenberg.org/ebooks/6472

