=LDR  00636nas  2200217uu 4500
=000  00568cam\a22001693a\4500
=001  6473
=003  PGUSA
=005  20161217030036.0
=008  040901s2004||||xxu|||||s|||||000\|\eng\d
=040  \\ $a PGUSA $b eng
=042  \\ $a dc
=050  \4$aPE
=100  1\ $a Pattee, George K., $d 1879-
=245  10 $a Practical Argumentation $h [electronic resource] / $c George K. Pattee
=260  \\ $b Project Gutenberg, $c 2004
=506  \\ $a Public domain in the USA.
=516  \\ $a Text
=653  \\ $a Debates and debating
=830  \0 $a Project Gutenberg $v 6473
=856  40 $u http://www.gutenberg.org/ebooks/6473

