=LDR  00705nas  2200229uu 4500
=000  00568cam\a22001693a\4500
=001  6474
=003  PGUSA
=005  20161217030036.0
=008  040901s2004||||xxu|||||s|||||000\1\eng\d
=040  \\ $a PGUSA $b eng
=042  \\ $a dc
=050  \4$aPS
=100  1\ $a Deland, Margaret Wade Campbell, $d 1857-1945
=245  14 $a The Iron Woman $h [electronic resource] / $c Margaret Wade Campbell Deland
=260  \\ $b Project Gutenberg, $c 2004
=500  \\ $a Sequel to: The Awakening of Helena Richie.
=506  \\ $a Public domain in the USA.
=516  \\ $a Text
=653  \\ $a Fiction
=830  \0 $a Project Gutenberg $v 6474
=856  40 $u http://www.gutenberg.org/ebooks/6474

