=LDR  00770nas  2200253uu 4500
=000  00568cam\a22001693a\4500
=001  6475
=003  PGUSA
=005  20161217030036.0
=008  040901s2004||||xxu|||||s|||||000\|\eng\d
=040  \\ $a PGUSA $b eng
=042  \\ $a dc
=050  \4$aQH
=100  1\ $a Dallas, W. S. $q (William Sweetland), $d 1824-1890
=240  10 $a Für Darwin. $l English
=245  10 $a Facts and Arguments for Darwin $h [electronic resource] / $c W. S. Dallas
=260  \\ $b Project Gutenberg, $c 2004
=506  \\ $a Public domain in the USA.
=516  \\ $a Text
=653  \\ $a Evolution (Biology)
=653  \\ $a Crustacea
=740  0\ $a Für Darwin. English
=830  \0 $a Project Gutenberg $v 6475
=856  40 $u http://www.gutenberg.org/ebooks/6475

