=LDR  00840nas  2200229uu 4500
=000  00568cam\a22001693a\4500
=001  6478
=003  PGUSA
=005  20161217030036.0
=008  040901s2004||||xxu|||||s|||||000\|\eng\d
=040  \\ $a PGUSA $b eng
=042  \\ $a dc
=050  \4$aDS
=100  1\ $a Hooker, Joseph Dalton, $d 1817-1911
=245  10 $a Himalayan Journals — Complete : $b $b Or, Notes of a Naturalist in Bengal, the Sikkim and Nepal Himalayas, the Khasia Mountains, etc. $h [electronic resource] / $c Joseph Dalton Hooker
=260  \\ $b Project Gutenberg, $c 2004
=506  \\ $a Public domain in the USA.
=516  \\ $a Text
=653  \\ $a Natural history -- Himalaya Mountains
=653  \\ $a Himalaya Mountains -- Description and travel
=830  \0 $a Project Gutenberg $v 6478
=856  40 $u http://www.gutenberg.org/ebooks/6478

