=LDR  01360nas  2200349uu 4500
=000  00568cam\a22001693a\4500
=001  6479
=003  PGUSA
=005  20161217030036.0
=008  040901s2004||||xxu|||||s|||||000\1\eng\d
=040  \\ $a PGUSA $b eng
=042  \\ $a dc
=050  \4$aPZ
=100  1\ $a Traill, Catharine Parr Strickland, $d 1802-1899
=245  10 $a Lady Mary and her Nurse; Or, a Peep into the Canadian Forest $h [electronic resource] / $c Catharine Parr Strickland Traill
=260  \\ $b Project Gutenberg, $c 2004
=500  \\ $a See also PG#8607, In the Forest, which is essentially identical to this text
=506  \\ $a Public domain in the USA.
=516  \\ $a Text
=653  \\ $a Frontier and pioneer life -- Ontario -- Juvenile fiction
=653  \\ $a Nature stories
=653  \\ $a Indians of North America -- Juvenile fiction
=653  \\ $a Children -- Conduct of life -- Juvenile fiction
=653  \\ $a Animals -- Juvenile fiction
=653  \\ $a Canada -- Juvenile fiction
=653  \\ $a Birds -- Juvenile fiction
=653  \\ $a Rivers -- Juvenile fiction
=653  \\ $a Conduct of life -- Juvenile fiction
=653  \\ $a Outdoor life -- Juvenile fiction
=653  \\ $a Indian embroidery -- North America -- Juvenile fiction
=830  \0 $a Project Gutenberg $v 6479
=856  40 $u http://www.gutenberg.org/ebooks/6479

