=LDR  00709nas  2200229uu 4500
=000  00568cam\a22001693a\4500
=001  6480
=003  PGUSA
=005  20161217030036.0
=008  040901s2004||||xxu|||||s|||||000\1\eng\d
=040  \\ $a PGUSA $b eng
=042  \\ $a dc
=050  \4$aPE
=100  1\ $a Trench, Richard Chenevix, $d 1807-1886
=245  10 $a On the Study of Words $h [electronic resource] / $c Richard Chenevix Trench
=260  \\ $b Project Gutenberg, $c 2004
=506  \\ $a Public domain in the USA.
=516  \\ $a Text
=653  \\ $a English language -- Semantics
=653  \\ $a English language -- Etymology
=830  \0 $a Project Gutenberg $v 6480
=856  40 $u http://www.gutenberg.org/ebooks/6480

