=LDR  00658nas  2200229uu 4500
=000  00568cam\a22001693a\4500
=001  6481
=003  PGUSA
=005  20161217030036.0
=008  040901s2004||||xxu|||||s|||||000\|\eng\d
=040  \\ $a PGUSA $b eng
=042  \\ $a dc
=050  \4$aRX
=100  1\ $a Ellis, John, $d 1815-1896
=245  10 $a Personal Experience of a Physician $h [electronic resource] / $c John Ellis
=260  \\ $b Project Gutenberg, $c 2004
=506  \\ $a Public domain in the USA.
=516  \\ $a Text
=653  \\ $a Temperance
=653  \\ $a Homeopathy
=830  \0 $a Project Gutenberg $v 6481
=856  40 $u http://www.gutenberg.org/ebooks/6481

