=LDR  00657nas  2200217uu 4500
=000  00568cam\a22001693a\4500
=001  6482
=003  PGUSA
=005  20161217030036.0
=008  040901s2004||||xxu|||||s|||||000\e\eng\d
=040  \\ $a PGUSA $b eng
=042  \\ $a dc
=050  \4$aPR
=100  1\ $a Steele, Richard, $c Sir, $d 1672-1729
=245  14 $a The Coverley Papers, From 'The Spectator' $h [electronic resource] / $c Richard, Steele
=260  \\ $b Project Gutenberg, $c 2004
=506  \\ $a Public domain in the USA.
=516  \\ $a Text
=653  \\ $a English essays
=830  \0 $a Project Gutenberg $v 6482
=856  40 $u http://www.gutenberg.org/ebooks/6482

