=LDR  00826nas  2200229uu 4500
=000  00568cam\a22001693a\4500
=001  6483
=003  PGUSA
=005  20161217030036.0
=008  040901s2004||||xxu|||||s|||||000\|\eng\d
=040  \\ $a PGUSA $b eng
=042  \\ $a dc
=050  \4$aPR
=100  1\ $a Masson, David, $d 1822-1907
=245  14 $a The Life of John Milton Volume 3 1643-1649 : $b $b Narrated in Connexion with the Political, Ecclesiastical, and Literary History of His Time $h [electronic resource] / $c David Masson
=260  \\ $b Project Gutenberg, $c 2004
=506  \\ $a Public domain in the USA.
=516  \\ $a Text
=653  \\ $a Milton, John, 1608-1674
=653  \\ $a Poets, English -- Early modern, 1500-1700 -- Biography
=830  \0 $a Project Gutenberg $v 6483
=856  40 $u http://www.gutenberg.org/ebooks/6483

