=LDR  00718nas  2200253uu 4500
=000  00568cam\a22001693a\4500
=001  6484
=003  PGUSA
=005  20161217030036.0
=008  040901s2004||||xxu|||||s|||||000\1\fre\d
=040  \\ $a PGUSA $b fre
=042  \\ $a dc
=050  \4$aPQ
=100  1\ $a Colette, $d 1873-1954
=245  10 $a Chéri $h [electronic resource] / $c Colette
=260  \\ $b Project Gutenberg, $c 2004
=506  \\ $a Public domain in the USA.
=516  \\ $a Text
=653  \\ $a Middle-aged women -- Fiction
=653  \\ $a Love stories
=653  \\ $a France -- Fiction
=653  \\ $a Young men -- Fiction
=830  \0 $a Project Gutenberg $v 6484
=856  40 $u http://www.gutenberg.org/ebooks/6484

