=LDR  00826nas  2200229uu 4500
=000  00568cam\a22001693a\4500
=001  6485
=003  PGUSA
=005  20161217030036.0
=008  040901s2004||||xxu|||||s|||||000\1\eng\d
=040  \\ $a PGUSA $b eng
=042  \\ $a dc
=050  \4$aPS
=100  1\ $a Mitchell, S. Weir $q (Silas Weir), $d 1829-1914
=245  10 $a Hugh Wynne, Free Quaker : $b $b Sometime Brevet Lieutenant-Colonel on the Staff of his Excellency General Washington $h [electronic resource] / $c S. Weir Mitchell
=260  \\ $b Project Gutenberg, $c 2004
=506  \\ $a Public domain in the USA.
=516  \\ $a Text
=653  \\ $a United States -- History -- Revolution, 1775-1783 -- Fiction
=653  \\ $a Quakers -- Fiction
=830  \0 $a Project Gutenberg $v 6485
=856  40 $u http://www.gutenberg.org/ebooks/6485

