=LDR  00739nas  2200229uu 4500
=000  00568cam\a22001693a\4500
=001  6486
=003  PGUSA
=005  20161217030036.0
=008  040901s2004||||xxu|||||s|||||000\|\eng\d
=040  \\ $a PGUSA $b eng
=042  \\ $a dc
=050  \4$aBX
=245  14 $a The Life of the Venerable Mother Mary of the Incarnation $h [electronic resource] / $c Anonymous
=260  \\ $b Project Gutenberg, $c 2004
=506  \\ $a Public domain in the USA.
=516  \\ $a Text
=653  \\ $a Canada -- History -- To 1763 (New France)
=653  \\ $a Indians of North America
=653  \\ $a Marie de l'Incarnation, mère, 1599-1672
=830  \0 $a Project Gutenberg $v 6486
=856  40 $u http://www.gutenberg.org/ebooks/6486

