=LDR  01056nas  2200265uu 4500
=000  00568cam\a22001693a\4500
=001  6487
=003  PGUSA
=005  20161217030036.0
=008  040901s2004||||xxu|||||s|||||000\1\eng\d
=040  \\ $a PGUSA $b eng
=042  \\ $a dc
=050  \4$aPZ
=100  1\ $a Barbour, Ralph Henry, $d 1870-1944
=245  14 $a The New Boy at Hilltop, and other stories $h [electronic resource] / $c Ralph Henry Barbour
=260  \\ $b Project Gutenberg, $c 2004
=505  0\ $a The new boy at Hilltop -- The proving of Jerry -- McTurkle, the band -- The triumph of "Curly" -- Patsy -- His first assignment -- Pemberton's fluke -- The seventh tutor -- A race with the waters -- A college Santa Claus -- The triple play -- The dub.
=506  \\ $a Public domain in the USA.
=516  \\ $a Text
=653  \\ $a Young men -- Juvenile fiction
=653  \\ $a Schools -- Juvenile fiction
=653  \\ $a College stories
=653  \\ $a Sports stories
=830  \0 $a Project Gutenberg $v 6487
=856  40 $u http://www.gutenberg.org/ebooks/6487

