=LDR  00717nas  2200253uu 4500
=000  00568cam\a22001693a\4500
=001  6488
=003  PGUSA
=005  20161217030036.0
=008  040901s2004||||xxu|||||s|||||000\1\eng\d
=040  \\ $a PGUSA $b eng
=042  \\ $a dc
=050  \4$aPS
=100  1\ $a Beach, Rex, $d 1877-1949
=245  10 $a Going Some $h [electronic resource] / $c Rex Beach
=260  \\ $b Project Gutenberg, $c 2004
=506  \\ $a Public domain in the USA.
=516  \\ $a Text
=653  \\ $a Humorous stories
=653  \\ $a Running races -- Fiction
=653  \\ $a Western stories
=653  \\ $a Love stories
=830  \0 $a Project Gutenberg $v 6488
=856  40 $u http://www.gutenberg.org/ebooks/6488

