=LDR  01744nas  2200253uu 4500
=000  00568cam\a22001693a\4500
=001  6489
=003  PGUSA
=005  20161217030036.0
=008  040901s2004||||xxu|||||s|||||000\|\eng\d
=040  \\ $a PGUSA $b eng
=042  \\ $a dc
=050  \4$aPZ
=100  1\ $a Yonge, Charlotte M. $q (Charlotte Mary), $d 1823-1901
=245  12 $a A Book of Golden Deeds $h [electronic resource] / $c Charlotte M. Yonge
=260  \\ $b Project Gutenberg, $c 2004
=505  0\ $a What is a golden deed? -- The stories of Alcestis and Antigone -- The cup of water -- How one man has saved a host -- The pass of Thermopylae -- The rock of the Capital -- The two friends of Syracuse -- The devotion of the Decii -- Regulus -- The brave brethren of Judah -- The chief of the Arverni -- Withstanding the monarch in his wrath -- The last fight in the Coliseum -- The shepherd girl of Nanterre -- Leo the slave -- The battle of the Blackwater -- Guzman El Bueno -- Faithful till death -- What is better than slaying a dragon -- The keys of Calais -- The Battle of Sempach -- The constant prince -- The carnival of Perth -- The crown of St. Stephen -- George the triller -- Sir Thomas More's daughter -- Under Ivan the Terrible -- Fort St. Elmo -- The voluntary convict -- The housewives of Lowenburg -- Fathers and sons -- The soldiers in the snow -- Gunpowder perils -- Heroes of the plague -- The second of September -- The Vendeans.
=506  \\ $a Public domain in the USA.
=516  \\ $a Text
=653  \\ $a Self-sacrifice -- Juvenile literature
=653  \\ $a Virtues -- Juvenile literature
=653  \\ $a Heroes -- Juvenile literature
=830  \0 $a Project Gutenberg $v 6489
=856  40 $u http://www.gutenberg.org/ebooks/6489

