=LDR  00701nas  2200229uu 4500
=000  00568cam\a22001693a\4500
=001  6490
=003  PGUSA
=005  20161217030036.0
=008  040901s2004||||xxu|||||s|||||000\1\eng\d
=040  \\ $a PGUSA $b eng
=042  \\ $a dc
=050  \4$aPR
=100  1\ $a Scott, Walter, $d 1771-1832
=245  14 $a The Betrothed $h [electronic resource] / $c Walter Scott
=260  \\ $b Project Gutenberg, $c 2004
=500  \\ $a Vols. I and II of Tales Of The Crusaders.
=506  \\ $a Public domain in the USA.
=516  \\ $a Text
=653  \\ $a Crusades -- Third, 1189-1192 -- Fiction
=830  \0 $a Project Gutenberg $v 6490
=856  40 $u http://www.gutenberg.org/ebooks/6490

