=LDR  00720nas  2200229uu 4500
=000  00568cam\a22001693a\4500
=001  6491
=003  PGUSA
=005  20161217030036.0
=008  040901s2004||||xxu|||||s|||||000\1\eng\d
=040  \\ $a PGUSA $b eng
=042  \\ $a dc
=050  \4$aPS
=100  1\ $a Burnett, Frances Hodgson, $d 1849-1924
=245  14 $a The Head of the House of Coombe $h [electronic resource] / $c Frances Hodgson Burnett
=260  \\ $b Project Gutenberg, $c 2004
=500  \\ $a Sequel: Robin.
=506  \\ $a Public domain in the USA.
=516  \\ $a Text
=653  \\ $a England -- Social life and customs -- Fiction
=830  \0 $a Project Gutenberg $v 6491
=856  40 $u http://www.gutenberg.org/ebooks/6491

