=LDR  00964nas  2200265uu 4500
=000  00568cam\a22001693a\4500
=001  6492
=003  PGUSA
=005  20161217030036.0
=008  040901s2004||||xxu|||||s|||||000\|\eng\d
=040  \\ $a PGUSA $b eng
=042  \\ $a dc
=050  \4$aCT
=050  \4$aHD
=100  1\ $a Allen, Grant, $d 1848-1899
=245  10 $a Biographies of Working Men $h [electronic resource] / $c Grant Allen
=260  \\ $b Project Gutenberg, $c 2004
=505  0\ $a Thomas Telford, stonemason -- George Stephenson, engine-man -- John Gibson, sculptor -- William Herschel, bandsman -- Jean François Millet, painter -- James Garfield, canal boy -- Thomas Edward, shoemaker.
=506  \\ $a Public domain in the USA.
=516  \\ $a Text
=653  \\ $a Working class -- Biography
=653  \\ $a Labor -- Biography
=653  \\ $a Biography -- 19th century
=830  \0 $a Project Gutenberg $v 6492
=856  40 $u http://www.gutenberg.org/ebooks/6492

