=LDR  00794nas  2200253uu 4500
=000  00568cam\a22001693a\4500
=001  6493
=003  PGUSA
=005  20161217030036.0
=008  040901s2004||||xxu|||||s|||||000\|\eng\d
=040  \\ $a PGUSA $b eng
=042  \\ $a dc
=050  \4$aAE
=100  1\ $a Steele, Robert, $d 1860-1944
=240  10 $a De proprietatibus rerum. $l English
=245  10 $a Mediaeval Lore from Bartholomew Anglicus $h [electronic resource] / $c Robert Steele
=260  \\ $b Project Gutenberg, $c 2004
=506  \\ $a Public domain in the USA.
=516  \\ $a Text
=653  \\ $a Civilization, Medieval
=653  \\ $a Science, Medieval
=740  0\ $a De proprietatibus rerum. English
=830  \0 $a Project Gutenberg $v 6493
=856  40 $u http://www.gutenberg.org/ebooks/6493

