=LDR  00889nas  2200253uu 4500
=000  00568cam\a22001693a\4500
=001  6495
=003  PGUSA
=005  20161217030036.0
=008  040901s2004||||xxu|||||s|||||000\|\eng\d
=040  \\ $a PGUSA $b eng
=042  \\ $a dc
=050  \4$aHC
=100  1\ $a Myers, Gustavus, $d 1872-1942
=245  10 $a Great Fortunes from Railroads $h [electronic resource] / $c Gustavus Myers
=260  \\ $b Project Gutenberg, $c 2004
=506  \\ $a Public domain in the USA.
=516  \\ $a Text
=653  \\ $a Businessmen -- United States -- History -- 19th century
=653  \\ $a Wealth -- United States -- History -- 19th century
=653  \\ $a Railroads -- United States -- History -- 19th century
=653  \\ $a United States -- Economic conditions -- 19th century
=830  \0 $a Project Gutenberg $v 6495
=856  40 $u http://www.gutenberg.org/ebooks/6495

