=LDR  00877nas  2200277uu 4500
=000  00568cam\a22001693a\4500
=001  6497
=003  PGUSA
=005  20161217030036.0
=008  040901s2004||||xxu|||||s|||||000\1\fre\d
=040  \\ $a PGUSA $b fre
=042  \\ $a dc
=050  \4$aPQ
=100  1\ $a Zola, Émile, $d 1840-1902
=245  12 $a L'Assommoir $h [electronic resource] / $c Émile Zola
=260  \\ $b Project Gutenberg, $c 2004
=506  \\ $a Public domain in the USA.
=516  \\ $a Text
=653  \\ $a Married women -- Fiction
=653  \\ $a Domestic fiction
=653  \\ $a Paris (France) -- Fiction
=653  \\ $a Working class women -- Fiction
=653  \\ $a Paris (France) -- Social conditions -- Fiction
=653  \\ $a Working class -- France -- Paris -- Fiction
=830  \0 $a Project Gutenberg $v 6497
=856  40 $u http://www.gutenberg.org/ebooks/6497

