=LDR  00786nas  2200229uu 4500
=000  00568cam\a22001693a\4500
=001  6499
=003  PGUSA
=005  20161217030036.0
=008  040901s2004||||xxu|||||s|||||000\|\ger\d
=040  \\ $a PGUSA $b ger
=042  \\ $a dc
=050  \4$aPT
=100  1\ $a Schiller, Friedrich, $d 1759-1805
=245  14 $a Die Verschwörung des Fiesco zu Genua : $b Ein republikanisches Trauerspiel $h [electronic resource] / $c Friedrich Schiller
=260  \\ $b Project Gutenberg, $c 2004
=506  \\ $a Public domain in the USA.
=516  \\ $a Text
=653  \\ $a Genoa (Italy) -- History -- Drama
=653  \\ $a Fiéschi, Gian Luigi, conte di Lavagna, 1522-1547 -- Drama
=830  \0 $a Project Gutenberg $v 6499
=856  40 $u http://www.gutenberg.org/ebooks/6499

