=LDR  00857nas  2200253uu 4500
=000  00568cam\a22001693a\4500
=001  6500
=003  PGUSA
=005  20161217030036.0
=008  040901s2004||||xxu|||||s|||||000\|\eng\d
=040  \\ $a PGUSA $b eng
=042  \\ $a dc
=050  \4$aCT
=245  14 $a The Log-Cabin Lady — An Anonymous Autobiography $h [electronic resource]
=260  \\ $b Project Gutenberg, $c 2004
=506  \\ $a Public domain in the USA.
=516  \\ $a Text
=653  \\ $a Women -- United States -- Biography
=653  \\ $a Americans -- Great Britain -- Biography
=653  \\ $a Great Britain -- History -- Edward VII, 1901-1910
=653  \\ $a Great Britain -- History -- George V, 1910-1936
=653  \\ $a United States -- History -- 1901-1953
=830  \0 $a Project Gutenberg $v 6500
=856  40 $u http://www.gutenberg.org/ebooks/6500

