=LDR  00934nas  2200265uu 4500
=000  00568cam\a22001693a\4500
=001  6501
=003  PGUSA
=005  20161217030036.0
=008  040901s2004||||xxu|||||s|||||000\|\fre\d
=040  \\ $a PGUSA $b fre
=042  \\ $a dc
=050  \4$aHQ
=050  \4$aB
=100  1\ $a Diderot, Denis, $d 1713-1784
=245  10 $a Supplément au Voyage de Bougainville $h [electronic resource] / $c Denis Diderot
=260  \\ $b Project Gutenberg, $c 2004
=505  0\ $a Jugement du Voyage de Bougainville -- Les adieux du vieillard -- L'entretien de l'Aumonier et d'Orou -- Suite du dialogue entre A. et B.
=506  \\ $a Public domain in the USA.
=516  \\ $a Text
=653  \\ $a Sexual ethics
=653  \\ $a Philosophy
=653  \\ $a Bougainville, Louis-Antoine de, comte, 1729-1811. Voyage autour du monde
=830  \0 $a Project Gutenberg $v 6501
=856  40 $u http://www.gutenberg.org/ebooks/6501

