=LDR  00795nas  2200241uu 4500
=000  00568cam\a22001693a\4500
=001  6502
=003  PGUSA
=005  20161217030036.0
=008  040901s2004||||xxu|||||s|||||000\|\eng\d
=040  \\ $a PGUSA $b eng
=042  \\ $a dc
=050  \4$aF1001
=100  1\ $a Doughty, Arthur G., $c Sir $q (Arthur George), $d 1860-1936
=245  14 $a The Acadian Exiles : $b a Chronicle of the Land of Evangeline $h [electronic resource] / $c Arthur G., Doughty
=260  \\ $b Project Gutenberg, $c 2004
=500  \\ $a Chronicles of Canada series: Volume 09
=506  \\ $a Public domain in the USA.
=516  \\ $a Text
=653  \\ $a Nova Scotia -- History
=653  \\ $a Acadia
=830  \0 $a Project Gutenberg $v 6502
=856  40 $u http://www.gutenberg.org/ebooks/6502

