=LDR  00718nas  2200217uu 4500
=000  00568cam\a22001693a\4500
=001  6504
=003  PGUSA
=005  20161217030036.0
=008  040901s2004||||xxu|||||s|||||000\|\ger\d
=040  \\ $a PGUSA $b ger
=042  \\ $a dc
=050  \4$aPT
=100  1\ $a Schiller, Friedrich, $d 1759-1805
=245  14 $a Der Parasit, oder die Kunst, sein Glück zu machen : $b $b Ein Lustspiel nach dem Franzoesischen [des Picard] $h [electronic resource] / $c Friedrich Schiller
=260  \\ $b Project Gutenberg, $c 2004
=506  \\ $a Public domain in the USA.
=516  \\ $a Text
=653  \\ $a Comedies
=830  \0 $a Project Gutenberg $v 6504
=856  40 $u http://www.gutenberg.org/ebooks/6504

