=LDR  00890nas  2200265uu 4500
=000  00568cam\a22001693a\4500
=001  6506
=003  PGUSA
=005  20161217030036.0
=008  040901s2004||||xxu|||||s|||||000\1\eng\d
=040  \\ $a PGUSA $b eng
=042  \\ $a dc
=050  \4$aPS
=100  1\ $a Carter, Charles Franklin, $d 1890-1957
=245  10 $a Old Mission Stories of California $h [electronic resource] / $c Charles Franklin Carter
=260  \\ $b Project Gutenberg, $c 2004
=506  \\ $a Public domain in the USA.
=516  \\ $a Text
=653  \\ $a California -- History -- To 1846 -- Fiction
=653  \\ $a Missions, Spanish -- Fiction
=653  \\ $a California -- Social life and customs -- Fiction
=653  \\ $a Historical fiction, American
=653  \\ $a Short stories, American
=830  \0 $a Project Gutenberg $v 6506
=856  40 $u http://www.gutenberg.org/ebooks/6506

