=LDR  00735nas  2200217uu 4500
=000  00568cam\a22001693a\4500
=001  6508
=003  PGUSA
=005  20161217030036.0
=008  040901s2004||||xxu|||||s|||||000\|\eng\d
=040  \\ $a PGUSA $b eng
=042  \\ $a dc
=050  \4$aBS
=100  1\ $a Wake, William, $d 1657-1737
=245  14 $a The suppressed Gospels and Epistles of the original New Testament of Jesus the Christ, Volume 2, the Protevanglion $h [electronic resource] / $c William Wake
=260  \\ $b Project Gutenberg, $c 2004
=506  \\ $a Public domain in the USA.
=516  \\ $a Text
=653  \\ $a Apocryphal books (New Testament)
=830  \0 $a Project Gutenberg $v 6508
=856  40 $u http://www.gutenberg.org/ebooks/6508

