=LDR  00780nas  2200229uu 4500
=000  00568cam\a22001693a\4500
=001  6516
=003  PGUSA
=005  20161217030036.0
=008  041218s2004||||xxu|||||s|||||000\|\eng\d
=040  \\ $a PGUSA $b eng
=042  \\ $a dc
=050  \4$aBS
=100  1\ $a Wake, William, $d 1657-1737
=245  14 $a The suppressed Gospels and Epistles of the original New Testament of Jesus the Christ, Complete $h [electronic resource] / $c William Wake
=260  \\ $b Project Gutenberg, $c 2004
=506  \\ $a Public domain in the USA.
=516  \\ $a Text
=653  \\ $a Apocryphal books (New Testament)
=740  0\ $a Forbidden books of the original New Testament
=830  \0 $a Project Gutenberg $v 6516
=856  40 $u http://www.gutenberg.org/ebooks/6516

