=LDR  00625nas  2200217uu 4500
=000  00568cam\a22001693a\4500
=001  6517
=003  PGUSA
=005  20161217030036.0
=008  040901s2004||||xxu|||||s|||||000\1\eng\d
=040  \\ $a PGUSA $b eng
=042  \\ $a dc
=050  \4$aPR
=100  1\ $a Merriman, Henry Seton, $d 1862-1903
=245  14 $a The Grey Lady $h [electronic resource] / $c Henry Seton Merriman
=260  \\ $b Project Gutenberg, $c 2004
=506  \\ $a Public domain in the USA.
=516  \\ $a Text
=653  \\ $a Fiction
=830  \0 $a Project Gutenberg $v 6517
=856  40 $u http://www.gutenberg.org/ebooks/6517

