=LDR  00689nas  2200229uu 4500
=000  00568cam\a22001693a\4500
=001  6519
=003  PGUSA
=005  20161217030036.0
=008  040901s2004||||xxu|||||s|||||000\p\eng\d
=040  \\ $a PGUSA $b eng
=042  \\ $a dc
=050  \4$aPK
=100  1\ $a Kabir, $d 1440-1518
=245  10 $a Songs of Kabir $h [electronic resource] / $c Kabir
=260  \\ $b Project Gutenberg, $c 2004
=506  \\ $a Public domain in the USA.
=516  \\ $a Text
=653  \\ $a Hindi poetry -- Translations into English
=653  \\ $a Indic poetry -- Translations into English
=830  \0 $a Project Gutenberg $v 6519
=856  40 $u http://www.gutenberg.org/ebooks/6519

