=LDR  00796nas  2200241uu 4500
=000  00568cam\a22001693a\4500
=001  6524
=003  PGUSA
=005  20161217030036.0
=008  040901s2004||||xxu|||||s|||||000\p\eng\d
=040  \\ $a PGUSA $b eng
=042  \\ $a dc
=050  \4$aPK
=100  1\ $a Tagore, Rabindranath, $d 1861-1941
=245  10 $a Stray Birds $h [electronic resource] / $c Rabindranath Tagore
=260  \\ $b Project Gutenberg, $c 2004
=506  \\ $a Public domain in the USA.
=516  \\ $a Text
=653  \\ $a Tagore, Rabindranath, 1861-1941 -- Translations into English
=653  \\ $a Bengali poetry -- Translations into English
=653  \\ $a Indic poetry -- Translations into English
=830  \0 $a Project Gutenberg $v 6524
=856  40 $u http://www.gutenberg.org/ebooks/6524

