=LDR  00755nas  2200229uu 4500
=000  00568cam\a22001693a\4500
=001  6525
=003  PGUSA
=005  20161217030036.0
=008  040901s2004||||xxu|||||s|||||000\|\ger\d
=040  \\ $a PGUSA $b ger
=042  \\ $a dc
=050  \4$aPT
=100  1\ $a Schiller, Friedrich, $d 1759-1805
=245  14 $a Die Piccolomini $h [electronic resource] / $c Friedrich Schiller
=260  \\ $b Project Gutenberg, $c 2004
=506  \\ $a Public domain in the USA.
=516  \\ $a Text
=653  \\ $a Thirty Years' War, 1618-1648 -- Drama
=653  \\ $a Wallenstein, Albrecht Wenzel Eusebius von, Herzog von Friedland, 1583-1634 -- Drama
=830  \0 $a Project Gutenberg $v 6525
=856  40 $u http://www.gutenberg.org/ebooks/6525

