=LDR  00723nas  2200217uu 4500
=000  00568cam\a22001693a\4500
=001  6526
=003  PGUSA
=005  20161217030036.0
=008  040901s2004||||xxu|||||s|||||000\1\eng\d
=040  \\ $a PGUSA $b eng
=042  \\ $a dc
=050  \4$aPS
=100  1\ $a Callahan, Daniel
=245  10 $a Any Coincidence Is : $b $b Or, The Day Julia and Cecil the Cat Faced a Fate Worse Than Death $h [electronic resource] / $c Daniel Callahan
=260  \\ $b Project Gutenberg, $c 2004
=506  \\ $a Copyrighted. Read the copyright notice inside this book for details.
=516  \\ $a Text
=653  \\ $a Fiction
=830  \0 $a Project Gutenberg $v 6526
=856  40 $u http://www.gutenberg.org/ebooks/6526

