=LDR  00674nas  2200217uu 4500
=000  00568cam\a22001693a\4500
=001  6528
=003  PGUSA
=005  20161217030036.0
=008  040901s2004||||xxu|||||s|||||000\|\spa\d
=040  \\ $a PGUSA $b spa
=042  \\ $a dc
=050  \4$aBS
=100  1\ $a Stendal, Russell, $d 1955-
=245  10 $a Sagradas Escrituras Version Antigua $h [electronic resource] / $c Russell Stendal
=260  \\ $b Project Gutenberg, $c 2004
=506  \\ $a Copyrighted. Read the copyright notice inside this book for details.
=516  \\ $a Text
=653  \\ $a Bible
=830  \0 $a Project Gutenberg $v 6528
=856  40 $u http://www.gutenberg.org/ebooks/6528

