=LDR  00610nas  2200205uu 4500
=000  00568cam\a22001693a\4500
=001  6531
=003  PGUSA
=005  20161217030036.0
=008  040901s2004||||xxu|||||s|||||000\|\eng\d
=040  \\ $a PGUSA $b eng
=042  \\ $a dc
=050  \4$aBS
=245  10 $a All Four Gospels for Readers $h [electronic resource]
=260  \\ $b Project Gutenberg, $c 2004
=506  \\ $a Copyrighted. Read the copyright notice inside this book for details.
=516  \\ $a Text
=653  \\ $a Bible. Gospels
=830  \0 $a Project Gutenberg $v 6531
=856  40 $u http://www.gutenberg.org/ebooks/6531

