=LDR  00898nas  2200277uu 4500
=000  00568cam\a22001693a\4500
=001  6532
=003  PGUSA
=005  20161217030036.0
=008  040901s2004||||xxu|||||s|||||000\1\eng\d
=040  \\ $a PGUSA $b eng
=042  \\ $a dc
=050  \4$aPS
=100  1\ $a Burroughs, Edgar Rice, $d 1875-1950
=245  10 $a Tarzan of the Apes $h [electronic resource] / $c Edgar Rice Burroughs
=260  \\ $b Project Gutenberg, $c 2004
=506  \\ $a Copyrighted. Read the copyright notice inside this book for details.
=516  \\ $a Sound
=653  \\ $a Adventure stories
=653  \\ $a Tarzan (Fictitious character) -- Fiction
=653  \\ $a Wild men -- Fiction
=653  \\ $a Africa -- Fiction
=653  \\ $a Fantasy fiction
=653  \\ $a British -- Africa -- Fiction
=830  \0 $a Project Gutenberg $v 6532
=856  40 $u http://www.gutenberg.org/ebooks/6532

