=LDR  00996nas  2200301uu 4500
=000  00568cam\a22001693a\4500
=001  6533
=003  PGUSA
=005  20161217030036.0
=008  040901s2004||||xxu|||||s|||||000\1\eng\d
=040  \\ $a PGUSA $b eng
=042  \\ $a dc
=050  \4$aPS
=100  1\ $a Twain, Mark, $d 1835-1910
=245  12 $a A Connecticut Yankee in King Arthur's Court $h [electronic resource] / $c Mark Twain
=260  \\ $b Project Gutenberg, $c 2004
=506  \\ $a Copyrighted. Read the copyright notice inside this book for details.
=516  \\ $a Sound
=653  \\ $a Arthurian romances -- Adaptations
=653  \\ $a Kings and rulers -- Fiction
=653  \\ $a Time travel -- Fiction
=653  \\ $a Knights and knighthood -- Fiction
=653  \\ $a Americans -- Great Britain -- Fiction
=653  \\ $a Britons -- Fiction
=653  \\ $a Satire
=653  \\ $a Fantasy fiction
=830  \0 $a Project Gutenberg $v 6533
=856  40 $u http://www.gutenberg.org/ebooks/6533

