=LDR  00940nas  2200289uu 4500
=000  00568cam\a22001693a\4500
=001  6534
=003  PGUSA
=005  20161217030036.0
=008  040901s2004||||xxu|||||s|||||000\1\eng\d
=040  \\ $a PGUSA $b eng
=042  \\ $a dc
=050  \4$aPR
=100  1\ $a Stoker, Bram, $d 1847-1912
=245  10 $a Dracula $h [electronic resource] / $c Bram Stoker
=260  \\ $b Project Gutenberg, $c 2004
=506  \\ $a Copyrighted. Read the copyright notice inside this book for details.
=516  \\ $a Sound
=653  \\ $a Dracula, Count (Fictitious character) -- Fiction
=653  \\ $a Whitby (England) -- Fiction
=653  \\ $a Vampires -- Fiction
=653  \\ $a Transylvania (Romania) -- Fiction
=653  \\ $a Gothic fiction (Literary genre)
=653  \\ $a Horror tales
=653  \\ $a Epistolary fiction
=830  \0 $a Project Gutenberg $v 6534
=856  40 $u http://www.gutenberg.org/ebooks/6534

