=LDR  00980nas  2200253uu 4500
=000  00568cam\a22001693a\4500
=001  6535
=003  PGUSA
=005  20161217030036.0
=008  040901s2004||||xxu|||||s|||||000\|\eng\d
=040  \\ $a PGUSA $b eng
=042  \\ $a dc
=050  \4$aD
=110  1\ $a United States. Army. Corps of Engineers. Manhattan District
=245  14 $a The Atomic Bombings of Hiroshima and Nagasaki $h [electronic resource] / $c United States. Army. Corps of Engineers. Manhattan District
=260  \\ $b Project Gutenberg, $c 2004
=506  \\ $a Copyrighted. Read the copyright notice inside this book for details.
=516  \\ $a Sound
=653  \\ $a Atomic bomb -- Physiological effect
=653  \\ $a Nagasaki-shi (Japan) -- History -- Bombardment, 1945
=653  \\ $a Hiroshima-shi (Japan) -- History -- Bombardment, 1945
=653  \\ $a Atomic bomb -- Blast effect
=830  \0 $a Project Gutenberg $v 6535
=856  40 $u http://www.gutenberg.org/ebooks/6535

