=LDR  00811nas  2200241uu 4500
=000  00568cam\a22001693a\4500
=001  6536
=003  PGUSA
=005  20161217030036.0
=008  040901s2004||||xxu|||||s|||||000\1\eng\d
=040  \\ $a PGUSA $b eng
=042  \\ $a dc
=050  \4$aPG
=100  1\ $a Dostoyevsky, Fyodor, $d 1821-1881
=245  10 $a Notes from the Underground $h [electronic resource] / $c Fyodor Dostoyevsky
=260  \\ $b Project Gutenberg, $c 2004
=506  \\ $a Copyrighted. Read the copyright notice inside this book for details.
=516  \\ $a Sound
=653  \\ $a Russia -- Officials and employees -- Fiction
=653  \\ $a Political fiction
=653  \\ $a Russia -- History -- 1801-1917 -- Fiction
=830  \0 $a Project Gutenberg $v 6536
=856  40 $u http://www.gutenberg.org/ebooks/6536

