=LDR  00825nas  2200265uu 4500
=000  00568cam\a22001693a\4500
=001  6537
=003  PGUSA
=005  20161217030036.0
=008  040901s2004||||xxu|||||s|||||000\1\eng\d
=040  \\ $a PGUSA $b eng
=042  \\ $a dc
=050  \4$aPS
=100  1\ $a Grey, Zane, $d 1872-1939
=245  10 $a Riders of the Purple Sage $h [electronic resource] / $c Zane Grey
=260  \\ $b Project Gutenberg, $c 2004
=506  \\ $a Copyrighted. Read the copyright notice inside this book for details.
=516  \\ $a Sound
=653  \\ $a Western stories
=653  \\ $a Utah -- Fiction
=653  \\ $a Mormon women -- Fiction
=653  \\ $a Women ranchers -- Fiction
=653  \\ $a Polygamy -- Fiction
=830  \0 $a Project Gutenberg $v 6537
=856  40 $u http://www.gutenberg.org/ebooks/6537

