=LDR  00920nas  2200277uu 4500
=000  00568cam\a22001693a\4500
=001  6538
=003  PGUSA
=005  20161217030036.0
=008  040901s2004||||xxu|||||s|||||000\1\eng\d
=040  \\ $a PGUSA $b eng
=042  \\ $a dc
=050  \4$aPQ
=100  1\ $a Verne, Jules, $d 1828-1905
=245  10 $a 20,000 Leagues under the Sea $h [electronic resource] / $c Jules Verne
=260  \\ $b Project Gutenberg, $c 2004
=506  \\ $a Copyrighted. Read the copyright notice inside this book for details.
=516  \\ $a Sound
=653  \\ $a Submarines (Ships) -- Fiction
=653  \\ $a Sea stories
=653  \\ $a Underwater exploration -- Fiction
=653  \\ $a Science fiction
=740  0\ $a Twenty Thousand Leagues Under the Sea
=740  0\ $a Vingt mille lieues sous les mers. English
=830  \0 $a Project Gutenberg $v 6538
=856  40 $u http://www.gutenberg.org/ebooks/6538

