=LDR  00990nas  2200289uu 4500
=000  00568cam\a22001693a\4500
=001  6539
=003  PGUSA
=005  20161217030036.0
=008  040901s2004||||xxu|||||s|||||000\1\eng\d
=040  \\ $a PGUSA $b eng
=042  \\ $a dc
=050  \4$aPQ
=100  1\ $a Hugo, Victor, $d 1802-1885
=245  14 $a The Hunchback of Notre Dame $h [electronic resource] / $c Victor Hugo
=260  \\ $b Project Gutenberg, $c 2004
=506  \\ $a Copyrighted. Read the copyright notice inside this book for details.
=516  \\ $a Sound
=653  \\ $a France -- History -- Louis XI, 1461-1483 -- Fiction
=653  \\ $a Romances
=653  \\ $a Clergy -- Fiction
=653  \\ $a People with disabilities -- Fiction
=653  \\ $a Notre-Dame de Paris (Cathedral) -- Fiction
=653  \\ $a Historical fiction
=653  \\ $a Paris (France) -- History -- To 1515 -- Fiction
=830  \0 $a Project Gutenberg $v 6539
=856  40 $u http://www.gutenberg.org/ebooks/6539

