=LDR  01016nas  2200265uu 4500
=000  00568cam\a22001693a\4500
=001  6540
=003  PGUSA
=005  20161217030036.0
=008  040901s2004||||xxu|||||s|||||000\|\eng\d
=040  \\ $a PGUSA $b eng
=042  \\ $a dc
=050  \4$aG
=100  1\ $a Amundsen, Roald, $d 1872-1928
=240  10 $a Sydpolen. $l English
=245  14 $a The South Pole; an account of the Norwegian Antarctic expedition in the "Fram," 1910-12 — Volume 1 and Volume 2 $h [electronic resource] / $c Roald Amundsen
=260  \\ $b Project Gutenberg, $c 2004
=506  \\ $a Copyrighted. Read the copyright notice inside this book for details.
=516  \\ $a Sound
=653  \\ $a Amundsen, Roald, 1872-1928 -- Travel -- Antarctica
=653  \\ $a South Pole -- Discovery and exploration -- Norwegian
=653  \\ $a Antarctica -- Discovery and exploration -- Norwegian
=740  0\ $a Sydpolen. English
=830  \0 $a Project Gutenberg $v 6540
=856  40 $u http://www.gutenberg.org/ebooks/6540

