=LDR  00696nas  2200229uu 4500
=000  00568cam\a22001693a\4500
=001  6541
=003  PGUSA
=005  20161217030036.0
=008  040901s2004||||xxu|||||s|||||000\1\eng\d
=040  \\ $a PGUSA $b eng
=042  \\ $a dc
=050  \4$aPS
=100  1\ $a London, Jack, $d 1876-1916
=245  10 $a South Sea Tales $h [electronic resource] / $c Jack London
=260  \\ $b Project Gutenberg, $c 2004
=506  \\ $a Copyrighted. Read the copyright notice inside this book for details.
=516  \\ $a Sound
=653  \\ $a Oceania -- Fiction
=653  \\ $a Short stories
=830  \0 $a Project Gutenberg $v 6541
=856  40 $u http://www.gutenberg.org/ebooks/6541

