=LDR  01073nas  2200301uu 4500
=000  00568cam\a22001693a\4500
=001  6542
=003  PGUSA
=005  20161217030036.0
=008  040901s2004||||xxu|||||s|||||000\1\eng\d
=040  \\ $a PGUSA $b eng
=042  \\ $a dc
=050  \4$aPR
=100  1\ $a Shelley, Mary Wollstonecraft, $d 1797-1851
=245  10 $a Frankenstein $h [electronic resource] / $c Mary Wollstonecraft Shelley
=260  \\ $b Project Gutenberg, $c 2004
=500  \\ $a This audio eBook is missing files/chapters 13, 14 and 21.
=506  \\ $a Copyrighted. Read the copyright notice inside this book for details.
=516  \\ $a Sound
=653  \\ $a Monsters -- Fiction
=653  \\ $a Frankenstein's monster (Fictitious character) -- Fiction
=653  \\ $a Gothic fiction (Literary genre)
=653  \\ $a Science fiction
=653  \\ $a Scientists -- Fiction
=653  \\ $a Frankenstein, Victor (Fictitious character) -- Fiction
=653  \\ $a Horror tales
=830  \0 $a Project Gutenberg $v 6542
=856  40 $u http://www.gutenberg.org/ebooks/6542

