=LDR  00983nas  2200265uu 4500
=000  00568cam\a22001693a\4500
=001  6543
=003  PGUSA
=005  20161217030036.0
=008  040901s2004||||xxu|||||s|||||000\1\eng\d
=040  \\ $a PGUSA $b eng
=042  \\ $a dc
=050  \4$aPQ
=100  1\ $a Balzac, Honoré de, $d 1799-1850
=245  10 $a Droll Stories $h [electronic resource] / $c Honoré de Balzac
=260  \\ $b Project Gutenberg, $c 2004
=500  \\ $a See also the following text versions: Vol 1: #1925, Vol 2: #2318, Vol 3: #2551, and the complete work #13260
=506  \\ $a Copyrighted. Read the copyright notice inside this book for details.
=516  \\ $a Sound
=653  \\ $a French literature -- 19th century
=653  \\ $a Humorous stories
=653  \\ $a France -- Social life and customs -- Fiction
=653  \\ $a Short stories, French -- Translations into English
=830  \0 $a Project Gutenberg $v 6543
=856  40 $u http://www.gutenberg.org/ebooks/6543

