=LDR  00950nas  2200289uu 4500
=000  00568cam\a22001693a\4500
=001  6544
=003  PGUSA
=005  20161217030036.0
=008  040901s2004||||xxu|||||s|||||000\1\eng\d
=040  \\ $a PGUSA $b eng
=042  \\ $a dc
=050  \4$aPR
=100  1\ $a Lawrence, D. H. $q (David Herbert), $d 1885-1930
=245  10 $a Aaron's Rod $h [electronic resource] / $c D. H. Lawrence
=260  \\ $b Project Gutenberg, $c 2004
=506  \\ $a Copyrighted. Read the copyright notice inside this book for details.
=516  \\ $a Sound
=653  \\ $a Male friendship -- Fiction
=653  \\ $a Florence (Italy) -- Fiction
=653  \\ $a Bohemianism -- Fiction
=653  \\ $a Runaway husbands -- Fiction
=653  \\ $a London (England) -- Fiction
=653  \\ $a Adultery -- Fiction
=653  \\ $a Picaresque literature
=830  \0 $a Project Gutenberg $v 6544
=856  40 $u http://www.gutenberg.org/ebooks/6544

