=LDR  00723nas  2200217uu 4500
=000  00568cam\a22001693a\4500
=001  6545
=003  PGUSA
=005  20161217030036.0
=008  040901s2004||||xxu|||||s|||||000\|\eng\d
=040  \\ $a PGUSA $b eng
=042  \\ $a dc
=050  \4$aE660
=100  1\ $a Douglass, Frederick, $d 1818-1895
=245  10 $a Frederick Douglass on Reconstruction $h [electronic resource] / $c Frederick Douglass
=260  \\ $b Project Gutenberg, $c 2004
=506  \\ $a Copyrighted. Read the copyright notice inside this book for details.
=516  \\ $a Sound
=653  \\ $a Reconstruction (U.S. history, 1865-1877)
=830  \0 $a Project Gutenberg $v 6545
=856  40 $u http://www.gutenberg.org/ebooks/6545

