=LDR  00798nas  2200229uu 4500
=000  00568cam\a22001693a\4500
=001  6546
=003  PGUSA
=005  20161217030036.0
=008  040901s2004||||xxu|||||s|||||000\|\eng\d
=040  \\ $a PGUSA $b eng
=042  \\ $a dc
=050  \4$aML
=100  1\ $a Krehbiel, Henry Edward, $d 1854-1923
=245  10 $a Beethoven, the Man and the Artist, as Revealed in His Own Words $h [electronic resource] / $c Henry Edward Krehbiel
=260  \\ $b Project Gutenberg, $c 2004
=506  \\ $a Copyrighted. Read the copyright notice inside this book for details.
=516  \\ $a Sound
=653  \\ $a Beethoven, Ludwig van, 1770-1827
=653  \\ $a Composers -- Germany -- Biography
=830  \0 $a Project Gutenberg $v 6546
=856  40 $u http://www.gutenberg.org/ebooks/6546

