=LDR  00729nas  2200229uu 4500
=000  00568cam\a22001693a\4500
=001  6547
=003  PGUSA
=005  20161217030036.0
=008  040901s2004||||xxu|||||s|||||000\1\eng\d
=040  \\ $a PGUSA $b eng
=042  \\ $a dc
=050  \4$aPS
=100  1\ $a Tarkington, Booth, $d 1869-1946
=245  14 $a The Conquest of Canaan $h [electronic resource] / $c Booth Tarkington
=260  \\ $b Project Gutenberg, $c 2004
=506  \\ $a Copyrighted. Read the copyright notice inside this book for details.
=516  \\ $a Sound
=653  \\ $a Indiana -- Fiction
=653  \\ $a City and town life -- Fiction
=830  \0 $a Project Gutenberg $v 6547
=856  40 $u http://www.gutenberg.org/ebooks/6547

