=LDR  00912nas  2200289uu 4500
=000  00568cam\a22001693a\4500
=001  6548
=003  PGUSA
=005  20161217030036.0
=008  040901s2004||||xxu|||||s|||||000\1\eng\d
=040  \\ $a PGUSA $b eng
=042  \\ $a dc
=050  \4$aPR
=100  1\ $a Sabatini, Rafael, $d 1875-1950
=245  10 $a Captain Blood $h [electronic resource] / $c Rafael Sabatini
=260  \\ $b Project Gutenberg, $c 2004
=506  \\ $a Copyrighted. Read the copyright notice inside this book for details.
=516  \\ $a Sound
=653  \\ $a Adventure stories
=653  \\ $a Pirates -- Fiction
=653  \\ $a Sea stories
=653  \\ $a Caribbean Area -- Fiction
=653  \\ $a Physicians -- Fiction
=653  \\ $a British -- Caribbean Area -- Fiction
=653  \\ $a Historical fiction
=830  \0 $a Project Gutenberg $v 6548
=856  40 $u http://www.gutenberg.org/ebooks/6548

