=LDR  00811nas  2200265uu 4500
=000  00568cam\a22001693a\4500
=001  6551
=003  PGUSA
=005  20161217030036.0
=008  040901s2004||||xxu|||||s|||||000\1\eng\d
=040  \\ $a PGUSA $b eng
=042  \\ $a dc
=050  \4$aPR
=100  1\ $a Huxley, Aldous, $d 1894-1963
=245  10 $a Crome Yellow $h [electronic resource] / $c Aldous Huxley
=260  \\ $b Project Gutenberg, $c 2004
=506  \\ $a Copyrighted. Read the copyright notice inside this book for details.
=516  \\ $a Sound
=653  \\ $a Satire
=653  \\ $a Humorous stories
=653  \\ $a Country homes -- Fiction
=653  \\ $a England -- Fiction
=653  \\ $a Intellectuals -- Fiction
=830  \0 $a Project Gutenberg $v 6551
=856  40 $u http://www.gutenberg.org/ebooks/6551

