=LDR  00822nas  2200241uu 4500
=000  00568cam\a22001693a\4500
=001  6552
=003  PGUSA
=005  20161217030036.0
=008  040901s2004||||xxu|||||s|||||000\1\eng\d
=040  \\ $a PGUSA $b eng
=042  \\ $a dc
=050  \4$aPS
=100  1\ $a Tarkington, Booth, $d 1869-1946
=245  10 $a His Own People $h [electronic resource] / $c Booth Tarkington
=260  \\ $b Project Gutenberg, $c 2004
=506  \\ $a Copyrighted. Read the copyright notice inside this book for details.
=516  \\ $a Sound
=653  \\ $a Rome (Italy) -- Social life and customs -- 20th century -- Fiction
=653  \\ $a Man-woman relationships -- Fiction
=653  \\ $a Americans -- Italy -- Fiction
=830  \0 $a Project Gutenberg $v 6552
=856  40 $u http://www.gutenberg.org/ebooks/6552

