=LDR  00752nas  2200229uu 4500
=000  00568cam\a22001693a\4500
=001  6553
=003  PGUSA
=005  20161217030036.0
=008  040901s2004||||xxu|||||s|||||000\1\eng\d
=040  \\ $a PGUSA $b eng
=042  \\ $a dc
=050  \4$aPR
=100  1\ $a Hardy, Thomas, $d 1840-1928
=245  10 $a Wessex Tales $h [electronic resource] / $c Thomas Hardy
=260  \\ $b Project Gutenberg, $c 2004
=506  \\ $a Copyrighted. Read the copyright notice inside this book for details.
=516  \\ $a Sound
=653  \\ $a England -- Social life and customs -- 19th century -- Fiction
=653  \\ $a Wessex (England) -- Fiction
=830  \0 $a Project Gutenberg $v 6553
=856  40 $u http://www.gutenberg.org/ebooks/6553

