=LDR  00749nas  2200253uu 4500
=000  00568cam\a22001693a\4500
=001  6555
=003  PGUSA
=005  20161217030036.0
=008  040901s2004||||xxu|||||s|||||000\|\eng\d
=040  \\ $a PGUSA $b eng
=042  \\ $a dc
=050  \4$aPR
=100  1\ $a Wilde, Oscar, $d 1854-1900
=245  10 $a De Profundis $h [electronic resource] / $c Oscar Wilde
=260  \\ $b Project Gutenberg, $c 2004
=506  \\ $a Copyrighted. Read the copyright notice inside this book for details.
=516  \\ $a Sound
=653  \\ $a Grief
=653  \\ $a Imprisonment
=653  \\ $a Suffering
=653  \\ $a Wilde, Oscar, 1854-1900
=830  \0 $a Project Gutenberg $v 6555
=856  40 $u http://www.gutenberg.org/ebooks/6555

