=LDR  00934nas  2200289uu 4500
=000  00568cam\a22001693a\4500
=001  6556
=003  PGUSA
=005  20161217030036.0
=008  040901s2004||||xxu|||||s|||||000\1\eng\d
=040  \\ $a PGUSA $b eng
=042  \\ $a dc
=050  \4$aPS
=100  1\ $a Sinclair, Upton, $d 1878-1968
=245  14 $a The Jungle $h [electronic resource] / $c Upton Sinclair
=260  \\ $b Project Gutenberg, $c 2004
=506  \\ $a Copyrighted. Read the copyright notice inside this book for details.
=516  \\ $a Sound
=653  \\ $a Lithuanian Americans -- Fiction
=653  \\ $a Meat industry and trade -- Fiction
=653  \\ $a Political fiction
=653  \\ $a Immigrants -- Fiction
=653  \\ $a Stockyards -- Fiction
=653  \\ $a Working class -- Fiction
=653  \\ $a Chicago (Ill.) -- Fiction
=830  \0 $a Project Gutenberg $v 6556
=856  40 $u http://www.gutenberg.org/ebooks/6556

