=LDR  00681nas  2200217uu 4500
=000  00568cam\a22001693a\4500
=001  6557
=003  PGUSA
=005  20161217030036.0
=008  040901s2004||||xxu|||||s|||||000\|\eng\d
=040  \\ $a PGUSA $b eng
=042  \\ $a dc
=050  \4$aPS
=100  1\ $a Poe, Edgar Allan, $d 1809-1849
=245  14 $a The Fall of the House of Usher $h [electronic resource] / $c Edgar Allan Poe
=260  \\ $b Project Gutenberg, $c 2004
=506  \\ $a Copyrighted. Read the copyright notice inside this book for details.
=516  \\ $a Sound
=653  \\ $a Horror tales
=830  \0 $a Project Gutenberg $v 6557
=856  40 $u http://www.gutenberg.org/ebooks/6557

