=LDR  00741nas  2200229uu 4500
=000  00568cam\a22001693a\4500
=001  6559
=003  PGUSA
=005  20161217030036.0
=008  040901s2004||||xxu|||||s|||||000\|\eng\d
=040  \\ $a PGUSA $b eng
=042  \\ $a dc
=050  \4$aDS
=100  1\ $a Olmstead, A. T. $q (Albert Ten Eyck), $d 1880-1945
=245  10 $a Assyrian Historiography : $b A Source Study $h [electronic resource] / $c A. T. Olmstead
=260  \\ $b Project Gutenberg, $c 2004
=506  \\ $a Public domain in the USA.
=516  \\ $a Text
=653  \\ $a Assyria -- History -- Historiography
=653  \\ $a Assyria -- History -- Sources
=830  \0 $a Project Gutenberg $v 6559
=856  40 $u http://www.gutenberg.org/ebooks/6559

