=LDR  00765nas  2200241uu 4500
=000  00568cam\a22001693a\4500
=001  6561
=003  PGUSA
=005  20161217030036.0
=008  040901s2004||||xxu|||||s|||||000\|\eng\d
=040  \\ $a PGUSA $b eng
=042  \\ $a dc
=050  \4$aPS
=100  1\ $a Barrus, Clara, $d 1864-1931
=245  10 $a Our Friend John Burroughs $h [electronic resource] / $c Clara Barrus
=260  \\ $b Project Gutenberg, $c 2004
=506  \\ $a Public domain in the USA.
=516  \\ $a Text
=653  \\ $a Authors, American -- 19th century -- Biography
=653  \\ $a Naturalists -- United States -- Biography
=653  \\ $a Burroughs, John, 1837-1921
=830  \0 $a Project Gutenberg $v 6561
=856  40 $u http://www.gutenberg.org/ebooks/6561

