=LDR  00805nas  2200253uu 4500
=000  00568cam\a22001693a\4500
=001  6564
=003  PGUSA
=005  20161217030036.0
=008  040901s2004||||xxu|||||s|||||000\|\eng\d
=040  \\ $a PGUSA $b eng
=042  \\ $a dc
=050  \4$aPQ
=100  1\ $a Molière, $d 1622-1673
=240  10 $a Le Dépit-amoureux. $l English
=245  14 $a The Love-Tiff $h [electronic resource] / $c Molière
=260  \\ $b Project Gutenberg, $c 2004
=506  \\ $a Public domain in the USA.
=516  \\ $a Text
=653  \\ $a French drama (Comedy) -- Translations into English
=653  \\ $a Molière, 1622-1673 -- Translations into English
=740  0\ $a Le Dépit-amoureux. English
=830  \0 $a Project Gutenberg $v 6564
=856  40 $u http://www.gutenberg.org/ebooks/6564

