=LDR  00867nas  2200253uu 4500
=000  00568cam\a22001693a\4500
=001  6565
=003  PGUSA
=005  20161217030036.0
=008  040901s2004||||xxu|||||s|||||000\|\eng\d
=040  \\ $a PGUSA $b eng
=042  \\ $a dc
=050  \4$aPR
=100  1\ $a Hulbert, James R. $q (James Root), $d 1884-1969
=245  10 $a Chaucer's Official Life $h [electronic resource] / $c James R. Hulbert
=260  \\ $b Project Gutenberg, $c 2004
=506  \\ $a Public domain in the USA.
=516  \\ $a Text
=653  \\ $a Chaucer, Geoffrey, -1400 -- Friends and associates
=653  \\ $a Poets, English -- Middle English, 1100-1500 -- Biography
=653  \\ $a Chaucer, Geoffrey, -1400
=653  \\ $a John, of Gaunt, Duke of Lancaster, 1340-1399
=830  \0 $a Project Gutenberg $v 6565
=856  40 $u http://www.gutenberg.org/ebooks/6565

