=LDR  00670nas  2200217uu 4500
=000  00568cam\a22001693a\4500
=001  6566
=003  PGUSA
=005  20161217030036.0
=008  040901s2004||||xxu|||||s|||||000\1\eng\d
=040  \\ $a PGUSA $b eng
=042  \\ $a dc
=050  \4$aPR
=100  1\ $a Porter, Jane, $d 1776-1850
=245  10 $a Thaddeus of Warsaw $h [electronic resource] / $c Jane Porter
=260  \\ $b Project Gutenberg, $c 2004
=506  \\ $a Public domain in the USA.
=516  \\ $a Text
=653  \\ $a Poland -- History -- Stanislaus II Augustus, 1764-1795 -- Fiction
=830  \0 $a Project Gutenberg $v 6566
=856  40 $u http://www.gutenberg.org/ebooks/6566

