=LDR  00755nas  2200229uu 4500
=000  00568cam\a22001693a\4500
=001  6567
=003  PGUSA
=005  20161217030036.0
=008  040901s2004||||xxu|||||s|||||000\|\eng\d
=040  \\ $a PGUSA $b eng
=042  \\ $a dc
=050  \4$aPN
=100  1\ $a Strachey, John St. Loe, $d 1860-1927
=245  14 $a The Adventure of Living : $b a Subjective Autobiography $h [electronic resource] / $c John St. Loe Strachey
=260  \\ $b Project Gutenberg, $c 2004
=506  \\ $a Public domain in the USA.
=516  \\ $a Text
=653  \\ $a Journalists -- Great Britain -- Biography
=653  \\ $a Strachey, John St. Loe, 1860-1927
=830  \0 $a Project Gutenberg $v 6567
=856  40 $u http://www.gutenberg.org/ebooks/6567

