=LDR  00699nas  2200229uu 4500
=000  00568cam\a22001693a\4500
=001  6568
=003  PGUSA
=005  20161217030036.0
=008  040901s2004||||xxu|||||s|||||000\|\eng\d
=040  \\ $a PGUSA $b eng
=042  \\ $a dc
=050  \4$aHM
=100  1\ $a Ellwood, Charles A. $q (Charles Abram), $d 1873-1946
=245  10 $a Sociology and Modern Social Problems $h [electronic resource] / $c Charles A. Ellwood
=260  \\ $b Project Gutenberg, $c 2004
=506  \\ $a Public domain in the USA.
=516  \\ $a Text
=653  \\ $a Social problems
=653  \\ $a Sociology
=830  \0 $a Project Gutenberg $v 6568
=856  40 $u http://www.gutenberg.org/ebooks/6568

