=LDR  01040nas  2200301uu 4500
=000  00568cam\a22001693a\4500
=001  6569
=003  PGUSA
=005  20161217030036.0
=008  040901s2004||||xxu|||||s|||||000\i\eng\d
=040  \\ $a PGUSA $b eng
=042  \\ $a dc
=050  \4$aPZ
=100  1\ $a Mathews, Joanna H. $q (Joanna Hooe), $d 1849-1901
=245  10 $a Bessie Bradford's Prize $h [electronic resource] / $c Joanna H. Mathews
=260  \\ $b Project Gutenberg, $c 2004
=506  \\ $a Public domain in the USA.
=516  \\ $a Text
=653  \\ $a Conduct of life -- Juvenile fiction
=653  \\ $a Theft -- Juvenile fiction
=653  \\ $a Children -- Conduct of life -- Juvenile fiction
=653  \\ $a Prizes (Property captured at sea) -- Juvenile fiction
=653  \\ $a Letters -- Juvenile fiction
=653  \\ $a Sisters -- Juvenile fiction
=653  \\ $a Students -- Juvenile fiction
=653  \\ $a Police -- Juvenile fiction
=830  \0 $a Project Gutenberg $v 6569
=856  40 $u http://www.gutenberg.org/ebooks/6569

