=LDR  01377nas  2200241uu 4500
=000  00568cam\a22001693a\4500
=001  6570
=003  PGUSA
=005  20161217030036.0
=008  040901s2004||||xxu|||||s|||||000\e\eng\d
=040  \\ $a PGUSA $b eng
=042  \\ $a dc
=050  \4$aAC
=050  \4$aPS
=100  1\ $a Smith, Goldwin, $d 1823-1910
=245  10 $a Lectures and Essays $h [electronic resource] / $c Goldwin Smith
=260  \\ $b Project Gutenberg, $c 2004
=505  0\ $a The greatness of the Romans -- The greatness of England -- The great duel of the seventeenth century -- The lamps of fiction; a speech on the centenary of the birth of Sir Walter Scott -- An address to the Oxford school of science and art -- The ascent of man -- The proposed substitutes for religion -- The labour movement -- What is culpable luxury? -- A true captain of industry [Mr. Brassey] -- A wirepuller of kings [Baron Stockmar] -- The early years of the conqueror of Quebec -- Falkland and the Puritans -- The early years of Abraham Lincoln -- Alfredus Rex Fundator -- The last republicans of Rome -- Austen-Leigh's memoir of Jane Austen -- Pattison's Milton -- Coleridge's life of Keble.
=506  \\ $a Public domain in the USA.
=516  \\ $a Text
=653  \\ $a Canadian essays -- 19th century
=830  \0 $a Project Gutenberg $v 6570
=856  40 $u http://www.gutenberg.org/ebooks/6570

