=LDR  00826nas  2200253uu 4500
=000  00568cam\a22001693a\4500
=001  6571
=003  PGUSA
=005  20161217030036.0
=008  040901s2004||||xxu|||||s|||||000\1\eng\d
=040  \\ $a PGUSA $b eng
=042  \\ $a dc
=050  \4$aPQ
=100  1\ $a France, Anatole, $d 1844-1924
=240  10 $a La rôtisserie de la reine Pédauque. $l English
=245  14 $a The Queen Pedauque $h [electronic resource] / $c Anatole France
=260  \\ $b Project Gutenberg, $c 2004
=500  \\ $a Translation of La rôtisserie de la reine Pédauque
=506  \\ $a Public domain in the USA.
=516  \\ $a Text
=653  \\ $a French fiction
=740  0\ $a La rôtisserie de la reine Pédauque. English
=830  \0 $a Project Gutenberg $v 6571
=856  40 $u http://www.gutenberg.org/ebooks/6571

