=LDR  00718nas  2200229uu 4500
=000  00568cam\a22001693a\4500
=001  6572
=003  PGUSA
=005  20161217030036.0
=008  040901s2004||||xxu|||||s|||||000\1\eng\d
=040  \\ $a PGUSA $b eng
=042  \\ $a dc
=050  \4$aPZ
=050  \4$aPS
=100  1\ $a Optic, Oliver, $d 1822-1897
=245  10 $a Haste and Waste; Or, the Young Pilot of Lake Champlain. A Story for Young People $h [electronic resource] / $c Oliver Optic
=260  \\ $b Project Gutenberg, $c 2004
=506  \\ $a Public domain in the USA.
=516  \\ $a Text
=653  \\ $a Steamboats -- Juvenile fiction
=830  \0 $a Project Gutenberg $v 6572
=856  40 $u http://www.gutenberg.org/ebooks/6572

