=LDR  00734nas  2200229uu 4500
=000  00568cam\a22001693a\4500
=001  6573
=003  PGUSA
=005  20161217030036.0
=008  040901s2004||||xxu|||||s|||||000\1\eng\d
=040  \\ $a PGUSA $b eng
=042  \\ $a dc
=050  \4$aPZ
=100  1\ $a Baker, Willard F.
=245  14 $a The Boy Ranchers on the Trail; Or, The Diamond X After Cattle Rustlers $h [electronic resource] / $c Willard F. Baker
=260  \\ $b Project Gutenberg, $c 2004
=506  \\ $a Public domain in the USA.
=516  \\ $a Text
=653  \\ $a Cattle stealing -- Juvenile fiction
=653  \\ $a Ranches -- Juvenile fiction
=830  \0 $a Project Gutenberg $v 6573
=856  40 $u http://www.gutenberg.org/ebooks/6573

