=LDR  00789nas  2200229uu 4500
=000  00568cam\a22001693a\4500
=001  6574
=003  PGUSA
=005  20161217030036.0
=008  040901s2004||||xxu|||||s|||||000\p\eng\d
=040  \\ $a PGUSA $b eng
=042  \\ $a dc
=050  \4$aPR
=100  1\ $a Noyes, Alfred, $d 1880-1958
=245  10 $a Watchers of the Sky $h [electronic resource] / $c Alfred Noyes
=260  \\ $b Project Gutenberg, $c 2004
=505  0\ $a Prologue -- Copernicus -- Tycho Brahe -- Kepler -- Galileo -- Newton -- William Herschel conducts -- Sir John Herschel remembers -- Epilogue.
=506  \\ $a Public domain in the USA.
=516  \\ $a Text
=653  \\ $a Astronomers -- Poetry
=830  \0 $a Project Gutenberg $v 6574
=856  40 $u http://www.gutenberg.org/ebooks/6574

