=LDR  00772nas  2200241uu 4500
=000  00568cam\a22001693a\4500
=001  6576
=003  PGUSA
=005  20161217030036.0
=008  040901s2004||||xxu|||||s|||||000\1\eng\d
=040  \\ $a PGUSA $b eng
=042  \\ $a dc
=050  \4$aPZ
=100  1\ $a Hope, Laura Lee
=245  14 $a The Bobbsey Twins at Meadow Brook $h [electronic resource] / $c Laura Lee Hope
=260  \\ $b Project Gutenberg, $c 2004
=506  \\ $a Public domain in the USA.
=516  \\ $a Text
=653  \\ $a Twins -- Juvenile fiction
=653  \\ $a Brothers and sisters -- Juvenile fiction
=653  \\ $a Bobbsey Twins (Fictitious characters) -- Juvenile fiction
=830  \0 $a Project Gutenberg $v 6576
=856  40 $u http://www.gutenberg.org/ebooks/6576

