=LDR  00678nas  2200229uu 4500
=000  00568cam\a22001693a\4500
=001  6578
=003  PGUSA
=005  20161217030036.0
=008  040901s2004||||xxu|||||s|||||000\1\eng\d
=040  \\ $a PGUSA $b eng
=042  \\ $a dc
=050  \4$aPS
=100  1\ $a MacGrath, Harold, $d 1871-1932
=245  14 $a The Man on the Box $h [electronic resource] / $c Harold MacGrath
=260  \\ $b Project Gutenberg, $c 2004
=506  \\ $a Public domain in the USA.
=516  \\ $a Text
=653  \\ $a Love stories
=653  \\ $a Impostors and imposture -- Fiction
=830  \0 $a Project Gutenberg $v 6578
=856  40 $u http://www.gutenberg.org/ebooks/6578

