=LDR  00728nas  2200217uu 4500
=000  00568cam\a22001693a\4500
=001  6579
=003  PGUSA
=005  20161217030036.0
=008  040901s2004||||xxu|||||s|||||000\|\eng\d
=040  \\ $a PGUSA $b eng
=042  \\ $a dc
=050  \4$aHQ
=100  1\ $a Gray, Arthur Herbert, $d 1868-1956
=245  10 $a Men, Women, and God : $b $b A Discussion of Sex Questions from the Christian Point of View $h [electronic resource] / $c Arthur Herbert Gray
=260  \\ $b Project Gutenberg, $c 2004
=506  \\ $a Public domain in the USA.
=516  \\ $a Text
=653  \\ $a Sexual ethics -- Early 20th century
=830  \0 $a Project Gutenberg $v 6579
=856  40 $u http://www.gutenberg.org/ebooks/6579

