=LDR  00747nas  2200253uu 4500
=000  00568cam\a22001693a\4500
=001  6580
=003  PGUSA
=005  20161217030036.0
=008  040901s2004||||xxu|||||s|||||000\|\eng\d
=040  \\ $a PGUSA $b eng
=042  \\ $a dc
=050  \4$aF1001
=050  \4$aHF
=110  1\ $a Hudson's Bay Company
=245  10 $a Charter and Supplemental Charter of the Hudson's Bay Company $h [electronic resource] / $c Hudson's Bay Company
=260  \\ $b Project Gutenberg, $c 2004
=506  \\ $a Public domain in the USA.
=516  \\ $a Text
=653  \\ $a Fur trade
=653  \\ $a Hudson's Bay Company
=653  \\ $a Charters
=830  \0 $a Project Gutenberg $v 6580
=856  40 $u http://www.gutenberg.org/ebooks/6580

