=LDR  00823nas  2200253uu 4500
=000  00568cam\a22001693a\4500
=001  6581
=003  PGUSA
=005  20161217030036.0
=008  040901s2004||||xxu|||||s|||||000\|\eng\d
=040  \\ $a PGUSA $b eng
=042  \\ $a dc
=050  \4$aE011
=100  1\ $a Mackenzie, J. B., $d 1851-1919
=245  12 $a A Treatise on the Six-Nation Indians $h [electronic resource] / $c J. B. Mackenzie
=260  \\ $b Project Gutenberg, $c 2004
=506  \\ $a Public domain in the USA.
=516  \\ $a Text
=653  \\ $a Iroquois Indians -- Treaties
=653  \\ $a Indians of North America -- Ontario
=653  \\ $a Iroquois Indians -- History
=653  \\ $a Iroquois Indians -- Social life and customs
=830  \0 $a Project Gutenberg $v 6581
=856  40 $u http://www.gutenberg.org/ebooks/6581

