=LDR  00805nas  2200253uu 4500
=000  00568cam\a22001693a\4500
=001  6582
=003  PGUSA
=005  20161217030036.0
=008  040901s2004||||xxu|||||s|||||000\1\eng\d
=040  \\ $a PGUSA $b eng
=042  \\ $a dc
=050  \4$aPZ
=100  1\ $a Lowe, Samuel E. $q (Samuel Edward), $d 1890-1952
=245  10 $a In the Court of King Arthur $h [electronic resource] / $c Samuel E. Lowe
=260  \\ $b Project Gutenberg, $c 2004
=506  \\ $a Public domain in the USA.
=516  \\ $a Text
=653  \\ $a Knights and knighthood -- Juvenile fiction
=653  \\ $a Adventure stories
=653  \\ $a Children's stories
=653  \\ $a Arthur, King -- Juvenile fiction
=830  \0 $a Project Gutenberg $v 6582
=856  40 $u http://www.gutenberg.org/ebooks/6582

