=LDR  00693nas  2200229uu 4500
=000  00568cam\a22001693a\4500
=001  6583
=003  PGUSA
=005  20161217030036.0
=008  040901s2004||||xxu|||||s|||||000\|\eng\d
=040  \\ $a PGUSA $b eng
=042  \\ $a dc
=050  \4$aBV
=100  1\ $a Sainte-Foi, Charles, $d 1806-1861
=245  10 $a Serious Hours of a Young Lady $h [electronic resource] / $c Charles Sainte-Foi
=260  \\ $b Project Gutenberg, $c 2004
=506  \\ $a Public domain in the USA.
=516  \\ $a Text
=653  \\ $a Young women -- Conduct of life
=653  \\ $a Christian life
=830  \0 $a Project Gutenberg $v 6583
=856  40 $u http://www.gutenberg.org/ebooks/6583

