=LDR  00795nas  2200265uu 4500
=000  00568cam\a22001693a\4500
=001  6584
=003  PGUSA
=005  20161217030036.0
=008  040901s2004||||xxu|||||s|||||000\1\eng\d
=040  \\ $a PGUSA $b eng
=042  \\ $a dc
=050  \4$aPS
=050  \4$aPZ
=100  1\ $a Brooks, Amy
=245  10 $a Princess Polly's Gay Winter $h [electronic resource] / $c Amy Brooks
=260  \\ $b Project Gutenberg, $c 2004
=506  \\ $a Public domain in the USA.
=516  \\ $a Text
=653  \\ $a Friendship -- Juvenile fiction
=653  \\ $a Students -- Juvenile fiction
=653  \\ $a Girls -- Juvenile fiction
=653  \\ $a Elementary schools -- Juvenile fiction
=830  \0 $a Project Gutenberg $v 6584
=856  40 $u http://www.gutenberg.org/ebooks/6584

