=LDR  00688nas  2200217uu 4500
=000  00568cam\a22001693a\4500
=001  6585
=003  PGUSA
=005  20161217030036.0
=008  040901s2004||||xxu|||||s|||||000\1\eng\d
=040  \\ $a PGUSA $b eng
=042  \\ $a dc
=050  \4$aPA
=100  1\ $a Lucian, of Samosata, $d 120-180
=245  10 $a Works of Lucian of Samosata — Volume 02 $h [electronic resource] / $c of Samosata Lucian
=260  \\ $b Project Gutenberg, $c 2004
=506  \\ $a Public domain in the USA.
=516  \\ $a Text
=653  \\ $a Lucian, of Samosata -- Translations into English
=830  \0 $a Project Gutenberg $v 6585
=856  40 $u http://www.gutenberg.org/ebooks/6585

