=LDR  00695nas  2200217uu 4500
=000  00568cam\a22001693a\4500
=001  6586
=003  PGUSA
=005  20161217030037.0
=008  040901s2004||||xxu|||||s|||||000\1\eng\d
=040  \\ $a PGUSA $b eng
=042  \\ $a dc
=050  \4$aPS
=100  1\ $a Chappell, George S. $q (George Shepard), $d 1877-1946
=245  14 $a The Cruise of the Kawa : $b Wanderings in the South Seas $h [electronic resource] / $c George S. Chappell
=260  \\ $b Project Gutenberg, $c 2004
=506  \\ $a Public domain in the USA.
=516  \\ $a Text
=653  \\ $a Oceania -- Fiction
=830  \0 $a Project Gutenberg $v 6586
=856  40 $u http://www.gutenberg.org/ebooks/6586

