=LDR  00862nas  2200229uu 4500
=000  00568cam\a22001693a\4500
=001  6587
=003  PGUSA
=005  20161217030037.0
=008  040901s2004||||xxu|||||s|||||000\d\eng\d
=040  \\ $a PGUSA $b eng
=042  \\ $a dc
=050  \4$aPS
=100  1\ $a Dell, Floyd, $d 1887-1969
=245  10 $a King Arthur's Socks and Other Village Plays $h [electronic resource] / $c Floyd Dell
=260  \\ $b Project Gutenberg, $c 2004
=505  0\ $a Human nature -- The chaste adventures of Joseph -- The angel intrudes -- Legend -- Sweet-and-twenty -- A long time ago -- Enigma -- Ibsen revisited -- King Arthur's socks -- The rim of the world -- Poor Harold.
=506  \\ $a Public domain in the USA.
=516  \\ $a Text
=653  \\ $a Drama
=830  \0 $a Project Gutenberg $v 6587
=856  40 $u http://www.gutenberg.org/ebooks/6587

