=LDR  00698nas  2200205uu 4500
=000  00568cam\a22001693a\4500
=001  6588
=003  PGUSA
=005  20161217030037.0
=008  040901s2004||||xxu|||||s|||||000\|\eng\d
=040  \\ $a PGUSA $b eng
=042  \\ $a dc
=050  \4$aPZ
=245  10 $a Types of Children's Literature : $b $b A Collection of the World's Best Literature for Children, For Use in Colleges, Normal Schools and Library Schools $h [electronic resource]
=260  \\ $b Project Gutenberg, $c 2004
=506  \\ $a Public domain in the USA.
=516  \\ $a Text
=653  \\ $a Children's literature
=830  \0 $a Project Gutenberg $v 6588
=856  40 $u http://www.gutenberg.org/ebooks/6588

