=LDR  00667nas  2200217uu 4500
=000  00568cam\a22001693a\4500
=001  6589
=003  PGUSA
=005  20161217030037.0
=008  040901s2004||||xxu|||||s|||||000\|\eng\d
=040  \\ $a PGUSA $b eng
=042  \\ $a dc
=050  \4$aD
=100  1\ $a Fyffe, Charles Alan, $d 1845-1892
=245  12 $a A History of Modern Europe, 1792-1878 $h [electronic resource] / $c Charles Alan Fyffe
=260  \\ $b Project Gutenberg, $c 2004
=506  \\ $a Public domain in the USA.
=516  \\ $a Text
=653  \\ $a Europe -- History -- 1789-1900
=830  \0 $a Project Gutenberg $v 6589
=856  40 $u http://www.gutenberg.org/ebooks/6589

