=LDR  00778nas  2200241uu 4500
=000  00568cam\a22001693a\4500
=001  6591
=003  PGUSA
=005  20161217030037.0
=008  040901s2004||||xxu|||||s|||||000\1\eng\d
=040  \\ $a PGUSA $b eng
=042  \\ $a dc
=050  \4$aPS
=100  1\ $a Leadem, Christopher
=245  10 $a Highland Ballad $h [electronic resource] / $c Christopher Leadem
=260  \\ $b Project Gutenberg, $c 2004
=506  \\ $a Copyrighted. Read the copyright notice inside this book for details.
=516  \\ $a Text
=653  \\ $a Historical fiction
=653  \\ $a Scotland -- History -- 18th century -- Fiction
=653  \\ $a Highlands (Scotland) -- Fiction
=830  \0 $a Project Gutenberg $v 6591
=856  40 $u http://www.gutenberg.org/ebooks/6591

