=LDR  00842nas  2200277uu 4500
=000  00568cam\a22001693a\4500
=001  6593
=003  PGUSA
=005  20161217030037.0
=008  040901s2004||||xxu|||||s|||||000\1\eng\d
=040  \\ $a PGUSA $b eng
=042  \\ $a dc
=050  \4$aPR
=100  1\ $a Fielding, Henry, $d 1707-1754
=245  10 $a History of Tom Jones, a Foundling $h [electronic resource] / $c Henry Fielding
=260  \\ $b Project Gutenberg, $c 2004
=506  \\ $a Public domain in the USA.
=516  \\ $a Text
=653  \\ $a Young men -- Fiction
=653  \\ $a Identity (Psychology) -- Fiction
=653  \\ $a England -- Fiction
=653  \\ $a Humorous stories
=653  \\ $a Bildungsromans
=653  \\ $a Foundlings -- Fiction
=830  \0 $a Project Gutenberg $v 6593
=856  40 $u http://www.gutenberg.org/ebooks/6593

