=LDR  00802nas  2200241uu 4500
=000  00568cam\a22001693a\4500
=001  6594
=003  PGUSA
=005  20161217030037.0
=008  040901s2004||||xxu|||||s|||||000\|\eng\d
=040  \\ $a PGUSA $b eng
=042  \\ $a dc
=050  \4$aG
=100  1\ $a Gilder, William H. $q (William Henry), $d 1838-1900
=245  10 $a Schwatka's Search : $b Sledging in the Arctic in Quest of the Franklin Records $h [electronic resource] / $c William H. Gilder
=260  \\ $b Project Gutenberg, $c 2004
=506  \\ $a Public domain in the USA.
=516  \\ $a Text
=653  \\ $a Arctic regions
=653  \\ $a Schwatka, Frederick, 1849-1892
=653  \\ $a Franklin, John, 1786-1847
=830  \0 $a Project Gutenberg $v 6594
=856  40 $u http://www.gutenberg.org/ebooks/6594

