=LDR  00760nas  2200241uu 4500
=000  00568cam\a22001693a\4500
=001  6595
=003  PGUSA
=005  20161217030037.0
=008  040901s2004||||xxu|||||s|||||000\|\eng\d
=040  \\ $a PGUSA $b eng
=042  \\ $a dc
=050  \4$aRJ
=100  1\ $a Chavasse, Pye Henry, $d 1810-1879
=245  10 $a Advice to a Mother on the Management of Her Children $h [electronic resource] / $c Pye Henry Chavasse
=260  \\ $b Project Gutenberg, $c 2004
=506  \\ $a Public domain in the USA.
=516  \\ $a Text
=653  \\ $a Infants -- Health and hygiene
=653  \\ $a Child care
=653  \\ $a Children -- Health and hygiene
=830  \0 $a Project Gutenberg $v 6595
=856  40 $u http://www.gutenberg.org/ebooks/6595

