=LDR  00774nas  2200229uu 4500
=000  00568cam\a22001693a\4500
=001  6596
=003  PGUSA
=005  20161217030037.0
=008  040901s2004||||xxu|||||s|||||000\|\eng\d
=040  \\ $a PGUSA $b eng
=042  \\ $a dc
=050  \4$aF1001
=100  1\ $a Chittenden, Newton H., $d 1840-1925
=245  10 $a Official Report of the Exploration of the Queen Charlotte Islands for the Government of British Columbia $h [electronic resource] / $c Newton H. Chittenden
=260  \\ $b Project Gutenberg, $c 2004
=506  \\ $a Public domain in the USA.
=516  \\ $a Text
=653  \\ $a Haida Indians
=653  \\ $a Queen Charlotte Islands (B.C.)
=830  \0 $a Project Gutenberg $v 6596
=856  40 $u http://www.gutenberg.org/ebooks/6596

