=LDR  00640nas  2200217uu 4500
=000  00568cam\a22001693a\4500
=001  6597
=003  PGUSA
=005  20161217030037.0
=008  040901s2004||||xxu|||||s|||||000\p\eng\d
=040  \\ $a PGUSA $b eng
=042  \\ $a dc
=050  \4$aPS
=100  1\ $a Benét, William Rose, $d 1886-1950
=245  10 $a Perpetual Light : $b a memorial $h [electronic resource] / $c William Rose Benét
=260  \\ $b Project Gutenberg, $c 2004
=506  \\ $a Public domain in the USA.
=516  \\ $a Text
=653  \\ $a Poetry
=830  \0 $a Project Gutenberg $v 6597
=856  40 $u http://www.gutenberg.org/ebooks/6597

