=LDR  00798nas  2200217uu 4500
=000  00568cam\a22001693a\4500
=001  6598
=003  PGUSA
=005  20161217030037.0
=008  040901s2004||||xxu|||||s|||||000\|\eng\d
=040  \\ $a PGUSA $b eng
=042  \\ $a dc
=050  \4$aTX
=100  1\ $a Beecher, Catharine Esther, $d 1800-1878
=245  10 $a American Woman's Home : $b Or, Principles of Domestic Science; : $b Being a Guide to the Formation and Maintenance of Economical, Healthful, Beautiful, and Christian Homes $h [electronic resource] / $c Catharine Esther Beecher
=260  \\ $b Project Gutenberg, $c 2004
=506  \\ $a Public domain in the USA.
=516  \\ $a Text
=653  \\ $a Home economics
=830  \0 $a Project Gutenberg $v 6598
=856  40 $u http://www.gutenberg.org/ebooks/6598

