=LDR  00676nas  2200229uu 4500
=000  00568cam\a22001693a\4500
=001  6599
=003  PGUSA
=005  20161217030037.0
=008  040901s2004||||xxu|||||s|||||000\|\eng\d
=040  \\ $a PGUSA $b eng
=042  \\ $a dc
=050  \4$aDA
=050  \4$aPS
=100  1\ $a Norah, $d 1826-1898
=245  14 $a The Letters of "Norah" on Her Tour Through Ireland $h [electronic resource] / $c Norah
=260  \\ $b Project Gutenberg, $c 2004
=506  \\ $a Public domain in the USA.
=516  \\ $a Text
=653  \\ $a Ireland -- Description and travel
=830  \0 $a Project Gutenberg $v 6599
=856  40 $u http://www.gutenberg.org/ebooks/6599

