=LDR  00656nas  2200217uu 4500
=000  00568cam\a22001693a\4500
=001  6600
=003  PGUSA
=005  20161217030037.0
=008  040624s2004||||xxu|||||s|||||000\1\eng\d
=040  \\ $a PGUSA $b eng
=042  \\ $a dc
=050  \4$aPS
=100  1\ $a Parker, Gilbert, $d 1862-1932
=245  14 $a The Moccasin Maker $h [electronic resource] / $c Gilbert Parker
=260  \\ $b Project Gutenberg, $c 2004
=506  \\ $a Public domain in the USA.
=516  \\ $a Text
=653  \\ $a Indians of North America -- Canada -- Fiction
=830  \0 $a Project Gutenberg $v 6600
=856  40 $u http://www.gutenberg.org/ebooks/6600

