=LDR  00644nas  2200217uu 4500
=000  00568cam\a22001693a\4500
=001  6602
=003  PGUSA
=005  20161217030037.0
=008  041001s2004||||xxu|||||s|||||000\1\eng\d
=040  \\ $a PGUSA $b eng
=042  \\ $a dc
=050  \4$aPQ
=100  1\ $a Sue, Eugène, $d 1804-1857
=245  10 $a Mysteries of Paris — Volume 02 $h [electronic resource] / $c Eugène Sue
=260  \\ $b Project Gutenberg, $c 2004
=506  \\ $a Public domain in the USA.
=516  \\ $a Text
=653  \\ $a Paris (France) -- Fiction
=830  \0 $a Project Gutenberg $v 6602
=856  40 $u http://www.gutenberg.org/ebooks/6602

