=LDR  00858nas  2200229uu 4500
=000  00568cam\a22001693a\4500
=001  6603
=003  PGUSA
=005  20161217030037.0
=008  041001s2004||||xxu|||||s|||||000\|\eng\d
=040  \\ $a PGUSA $b eng
=042  \\ $a dc
=050  \4$aKD
=100  1\ $a Reilly, S. A.
=245  10 $a Our Legal Heritage : $b 600-1776 King Aethelbert - King George III $h [electronic resource] / $c S. A. Reilly
=260  \\ $b Project Gutenberg, $c 2004
=500  \\ $a This book has undergone multiple editions, and is available as Project Gutenberg eBook numbers 1694, 6603, 13376, 36299 and 40780.
=506  \\ $a Copyrighted. Read the copyright notice inside this book for details.
=516  \\ $a Text
=653  \\ $a Law -- England -- History
=830  \0 $a Project Gutenberg $v 6603
=856  40 $u http://www.gutenberg.org/ebooks/6603

