=LDR  00948nas  2200277uu 4500
=000  00568cam\a22001693a\4500
=001  6604
=003  PGUSA
=005  20161217030037.0
=008  041001s2004||||xxu|||||s|||||000\|\eng\d
=040  \\ $a PGUSA $b eng
=042  \\ $a dc
=050  \4$aE011
=100  1\ $a Gowanlock, Theresa, $d 1863-1899
=245  10 $a Two Months in the Camp of Big Bear $h [electronic resource] / $c Theresa Gowanlock
=260  \\ $b Project Gutenberg, $c 2004
=506  \\ $a Public domain in the USA.
=516  \\ $a Text
=653  \\ $a Cree Indians -- Alberta -- History -- 19th century
=653  \\ $a Gowanlock, Theresa, 1863-1899 -- Captivity
=653  \\ $a Frog Lake (Alta.) -- History -- 19th century
=653  \\ $a Delaney, Theresa, 1849-1913 -- Captivity
=653  \\ $a Big Bear, (Cree chief)
=653  \\ $a Riel Rebellion, 1885
=830  \0 $a Project Gutenberg $v 6604
=856  40 $u http://www.gutenberg.org/ebooks/6604

