=LDR  00678nas  2200241uu 4500
=000  00568cam\a22001693a\4500
=001  6605
=003  PGUSA
=005  20161217030037.0
=008  041001s2004||||xxu|||||s|||||000\|\eng\d
=040  \\ $a PGUSA $b eng
=042  \\ $a dc
=050  \4$aQH
=100  1\ $a Butler, Samuel, $d 1835-1902
=245  10 $a Unconscious Memory $h [electronic resource] / $c Samuel Butler
=260  \\ $b Project Gutenberg, $c 2004
=506  \\ $a Public domain in the USA.
=516  \\ $a Text
=653  \\ $a Memory
=653  \\ $a Evolution
=653  \\ $a Subconsciousness
=830  \0 $a Project Gutenberg $v 6605
=856  40 $u http://www.gutenberg.org/ebooks/6605

