=LDR  00733nas  2200217uu 4500
=000  00568cam\a22001693a\4500
=001  6611
=003  PGUSA
=005  20161217030037.0
=008  041214s2004||||xxu|||||s|||||000\|\eng\d
=040  \\ $a PGUSA $b eng
=042  \\ $a dc
=050  \4$aGR
=100  1\ $a Skinner, Charles M. $q (Charles Montgomery), $d 1852-1907
=245  10 $a Myths and Legends of Our Own Land — Volume 06 : $b Central States and Great Lakes $h [electronic resource] / $c Charles M. Skinner
=260  \\ $b Project Gutenberg, $c 2004
=506  \\ $a Public domain in the USA.
=516  \\ $a Text
=653  \\ $a Folklore -- United States
=830  \0 $a Project Gutenberg $v 6611
=856  40 $u http://www.gutenberg.org/ebooks/6611

