=LDR  00784nas  2200253uu 4500
=000  00568cam\a22001693a\4500
=001  6616
=003  PGUSA
=005  20161217030037.0
=008  060422s2006||||xxu|||||s|||||000\1\eng\d
=040  \\ $a PGUSA $b eng
=042  \\ $a dc
=050  \4$aPR
=100  1\ $a Hichens, Robert, $d 1864-1950
=245  10 $a December Love $h [electronic resource] / $c Robert Hichens
=260  \\ $b Project Gutenberg, $c 2006
=506  \\ $a Public domain in the USA.
=516  \\ $a Text
=653  \\ $a Love stories
=653  \\ $a Jewelry theft -- Fiction
=653  \\ $a London (England) -- Social life and customs -- 20th century -- Fiction
=653  \\ $a Mystery fiction
=830  \0 $a Project Gutenberg $v 6616
=856  40 $u http://www.gutenberg.org/ebooks/6616

