=LDR  00636nas  2200217uu 4500
=000  00568cam\a22001693a\4500
=001  6617
=003  PGUSA
=005  20161217030037.0
=008  041001s2004||||xxu|||||s|||||000\p\eng\d
=040  \\ $a PGUSA $b eng
=042  \\ $a dc
=050  \4$aPS
=100  1\ $a Wilcox, Ella Wheeler, $d 1850-1919
=245  10 $a Poems of Sentiment $h [electronic resource] / $c Ella Wheeler Wilcox
=260  \\ $b Project Gutenberg, $c 2004
=506  \\ $a Public domain in the USA.
=516  \\ $a Text
=653  \\ $a American poetry
=830  \0 $a Project Gutenberg $v 6617
=856  40 $u http://www.gutenberg.org/ebooks/6617

