=LDR  00632nas  2200217uu 4500
=000  00568cam\a22001693a\4500
=001  6619
=003  PGUSA
=005  20161217030037.0
=008  041001s2004||||xxu|||||s|||||000\p\eng\d
=040  \\ $a PGUSA $b eng
=042  \\ $a dc
=050  \4$aPT
=100  1\ $a Bjørnson, Bjørnstjerne, $d 1832-1910
=245  10 $a Poems and Songs $h [electronic resource] / $c Bjørnstjerne Bjørnson
=260  \\ $b Project Gutenberg, $c 2004
=506  \\ $a Public domain in the USA.
=516  \\ $a Text
=653  \\ $a Poetry
=830  \0 $a Project Gutenberg $v 6619
=856  40 $u http://www.gutenberg.org/ebooks/6619

