=LDR  00762nas  2200241uu 4500
=000  00568cam\a22001693a\4500
=001  6620
=003  PGUSA
=005  20161217030037.0
=008  041001s2004||||xxu|||||s|||||000\1\eng\d
=040  \\ $a PGUSA $b eng
=042  \\ $a dc
=050  \4$aPR
=100  1\ $a Wells, H. G. $q (Herbert George), $d 1866-1946
=245  14 $a The Time Machine $h [electronic resource] / $c H. G. Wells
=260  \\ $b Project Gutenberg, $c 2004
=506  \\ $a Copyrighted. Read the copyright notice inside this book for details.
=516  \\ $a Sound
=653  \\ $a Science fiction
=653  \\ $a Dystopias -- Fiction
=653  \\ $a Time travel -- Fiction
=830  \0 $a Project Gutenberg $v 6620
=856  40 $u http://www.gutenberg.org/ebooks/6620

