=LDR  01236nas  2200253uu 4500
=000  00568cam\a22001693a\4500
=001  6622
=003  PGUSA
=005  20161217030037.0
=008  041001s2004||||xxu|||||s|||||000\|\eng\d
=040  \\ $a PGUSA $b eng
=042  \\ $a dc
=050  \4$aPZ
=100  1\ $a Mabie, Hamilton Wright, $d 1846-1916
=245  10 $a Legends That Every Child Should Know; a Selection of the Great Legends of All Times for Young People $h [electronic resource] / $c Hamilton Wright Mabie
=260  \\ $b Project Gutenberg, $c 2004
=505  0\ $a Hiawatha -- Beowulf -- Childe Horne -- Sir Galahad -- Rustem and Sohrab -- The seven sleepers of Ephesus -- Guy of Warwick -- Chevy Chase -- The fate of the children of Lir -- The beleaguered city -- Prester John -- The wandering Jew -- King Robert of Sicily -- The life of the Beato Torello da Poppi -- The Lorelei -- The passing of Arthur -- Rip Van Winkle -- The gray champion -- The legend of Sleepy Hollow.
=506  \\ $a Public domain in the USA.
=516  \\ $a Text
=653  \\ $a Folklore -- England
=653  \\ $a Folklore -- Germany
=653  \\ $a Folklore -- Scandinavia
=830  \0 $a Project Gutenberg $v 6622
=856  40 $u http://www.gutenberg.org/ebooks/6622

