=LDR  00665nas  2200217uu 4500
=000  00568cam\a22001693a\4500
=001  6623
=003  PGUSA
=005  20161217030037.0
=008  041001s2004||||xxu|||||s|||||000\p\eng\d
=040  \\ $a PGUSA $b eng
=042  \\ $a dc
=050  \4$aPS
=100  1\ $a MacLean, Kate Seymour
=245  14 $a The Coming of the Princess, and Other Poems $h [electronic resource] / $c Kate Seymour MacLean
=260  \\ $b Project Gutenberg, $c 2004
=506  \\ $a Public domain in the USA.
=516  \\ $a Text
=653  \\ $a Canadian poetry -- 19th century
=830  \0 $a Project Gutenberg $v 6623
=856  40 $u http://www.gutenberg.org/ebooks/6623

