=LDR  00669nas  2200229uu 4500
=000  00568cam\a22001693a\4500
=001  6624
=003  PGUSA
=005  20161217030037.0
=008  041001s2004||||xxu|||||s|||||000\|\eng\d
=040  \\ $a PGUSA $b eng
=042  \\ $a dc
=050  \4$aDS
=100  1\ $a Parker, Edward Harper, $d 1849-1926
=245  10 $a Ancient China Simplified $h [electronic resource] / $c Edward Harper Parker
=260  \\ $b Project Gutenberg, $c 2004
=506  \\ $a Public domain in the USA.
=516  \\ $a Text
=653  \\ $a China -- History
=653  \\ $a China
=830  \0 $a Project Gutenberg $v 6624
=856  40 $u http://www.gutenberg.org/ebooks/6624

