=LDR  00675nas  2200217uu 4500
=000  00568cam\a22001693a\4500
=001  6625
=003  PGUSA
=005  20161217030037.0
=008  041001s2004||||xxu|||||s|||||000\|\eng\d
=040  \\ $a PGUSA $b eng
=042  \\ $a dc
=050  \4$aDA
=100  1\ $a Jessopp, Augustus, $d 1823-1914
=245  14 $a The Coming of the Friars $h [electronic resource] / $c Augustus Jessopp
=260  \\ $b Project Gutenberg, $c 2004
=506  \\ $a Public domain in the USA.
=516  \\ $a Text
=653  \\ $a Great Britain -- History -- Medieval period, 1066-1485
=830  \0 $a Project Gutenberg $v 6625
=856  40 $u http://www.gutenberg.org/ebooks/6625

