=LDR  00715nas  2200241uu 4500
=000  00568cam\a22001693a\4500
=001  6626
=003  PGUSA
=005  20161217030037.0
=008  060422s2006||||xxu|||||s|||||000\1\eng\d
=040  \\ $a PGUSA $b eng
=042  \\ $a dc
=050  \4$aPQ
=100  1\ $a Vizetelly, Ernest Alfred, $d 1853-1922
=245  10 $a Theresa Raquin $h [electronic resource] / $c Ernest Alfred Vizetelly
=260  \\ $b Project Gutenberg, $c 2006
=506  \\ $a Public domain in the USA.
=516  \\ $a Text
=653  \\ $a Guilt -- Fiction
=653  \\ $a Adultery -- Fiction
=653  \\ $a Murder -- Fiction
=830  \0 $a Project Gutenberg $v 6626
=856  40 $u http://www.gutenberg.org/ebooks/6626

