=LDR  00799nas  2200253uu 4500
=000  00568cam\a22001693a\4500
=001  6627
=003  PGUSA
=005  20161217030037.0
=008  041001s2004||||xxu|||||s|||||000\1\eng\d
=040  \\ $a PGUSA $b eng
=042  \\ $a dc
=050  \4$aPS
=100  1\ $a Roe, Edward Payson, $d 1838-1888
=245  10 $a Barriers Burned Away $h [electronic resource] / $c Edward Payson Roe
=260  \\ $b Project Gutenberg, $c 2004
=506  \\ $a Public domain in the USA.
=516  \\ $a Text
=653  \\ $a Historical fiction
=653  \\ $a Fires -- Fiction
=653  \\ $a Chicago (Ill.) -- History -- To 1875 -- Fiction
=653  \\ $a Great Fire, Chicago, Ill., 1871 -- Fiction
=830  \0 $a Project Gutenberg $v 6627
=856  40 $u http://www.gutenberg.org/ebooks/6627

