=LDR  00810nas  2200241uu 4500
=000  00568cam\a22001693a\4500
=001  6628
=003  PGUSA
=005  20161217030037.0
=008  041001s2004||||xxu|||||s|||||000\1\eng\d
=040  \\ $a PGUSA $b eng
=042  \\ $a dc
=050  \4$aE456
=100  1\ $a Townsend, George Alfred, $d 1841-1914
=245  14 $a The Life, Crime, and Capture of John Wilkes Booth $h [electronic resource] / $c George Alfred Townsend
=260  \\ $b Project Gutenberg, $c 2004
=506  \\ $a Public domain in the USA.
=516  \\ $a Text
=653  \\ $a Assassins -- United States -- Biography
=653  \\ $a Booth, John Wilkes, 1838-1865
=653  \\ $a Lincoln, Abraham, 1809-1865 -- Assassination
=830  \0 $a Project Gutenberg $v 6628
=856  40 $u http://www.gutenberg.org/ebooks/6628

