=LDR  00950nas  2200301uu 4500
=000  00568cam\a22001693a\4500
=001  6629
=003  PGUSA
=005  20161217030037.0
=008  041001s2004||||xxu|||||s|||||000\1\eng\d
=040  \\ $a PGUSA $b eng
=042  \\ $a dc
=050  \4$aPR
=100  1\ $a Marryat, Frederick, $d 1792-1848
=245  10 $a Mr. Midshipman Easy $h [electronic resource] / $c Frederick Marryat
=260  \\ $b Project Gutenberg, $c 2004
=506  \\ $a Public domain in the USA.
=516  \\ $a Text
=653  \\ $a Young men -- Fiction
=653  \\ $a Autobiographical fiction
=653  \\ $a Adventure stories
=653  \\ $a War stories
=653  \\ $a Napoleonic Wars, 1800-1815 -- Fiction
=653  \\ $a Sea stories
=653  \\ $a Great Britain -- History, Naval -- 19th century -- Fiction
=653  \\ $a Midshipmen -- Fiction
=830  \0 $a Project Gutenberg $v 6629
=856  40 $u http://www.gutenberg.org/ebooks/6629

