=LDR  01100nas  2200229uu 4500
=000  00568cam\a22001693a\4500
=001  6630
=003  PGUSA
=005  20161217030037.0
=008  041001s2004||||xxu|||||s|||||000\1\eng\d
=040  \\ $a PGUSA $b eng
=042  \\ $a dc
=050  \4$aQB
=100  1\ $a Serviss, Garrett Putman, $d 1851-1929
=245  10 $a Curiosities of the Sky $h [electronic resource] / $c Garrett Putman Serviss
=260  \\ $b Project Gutenberg, $c 2004
=505  0\ $a The windows of absolute night -- Star-clouds, star-clusters, and star-streams -- Stellar migrations -- The passing of the constellations -- Conflagrations in the heavens -- Explosive and whirling nebulae -- The banners of the sun -- The zodiacal light mystery -- Marvels of the aurora -- Strange adventures of comets -- Meteors, fire-balls, and meteorites -- The wrecking of the moon -- The great Mars problem -- The riddle of the asteroids.
=506  \\ $a Public domain in the USA.
=516  \\ $a Text
=653  \\ $a Astronomy
=830  \0 $a Project Gutenberg $v 6630
=856  40 $u http://www.gutenberg.org/ebooks/6630

