=LDR  00871nas  2200229uu 4500
=000  00568cam\a22001693a\4500
=001  6631
=003  PGUSA
=005  20161217030037.0
=008  041001s2004||||xxu|||||s|||||000\|\eng\d
=040  \\ $a PGUSA $b eng
=042  \\ $a dc
=050  \4$aN
=100  1\ $a Perry, Stella G. S. $q (Stella George Stern), $d 1877-1956
=245  14 $a The Sculpture and Mural Decorations of the Exposition : $b $b A Pictorial Survey of the Art of the Panama-Pacific international exposition $h [electronic resource] / $c Stella G. S. Perry
=260  \\ $b Project Gutenberg, $c 2004
=506  \\ $a Public domain in the USA.
=516  \\ $a Text
=653  \\ $a Sculpture, American
=653  \\ $a Panama-Pacific International Exposition (1915 : San Francisco, Calif.)
=830  \0 $a Project Gutenberg $v 6631
=856  40 $u http://www.gutenberg.org/ebooks/6631

