=LDR  00727nas  2200217uu 4500
=000  00568cam\a22001693a\4500
=001  6633
=003  PGUSA
=005  20161217030037.0
=008  041001s2004||||xxu|||||s|||||000\|\eng\d
=040  \\ $a PGUSA $b eng
=042  \\ $a dc
=050  \4$aDA
=100  1\ $a McGee, Thomas D'Arcy, $d 1825-1868
=245  12 $a A Popular History of Ireland : $b from the Earliest Period to the Emancipation of the Catholics - Volume 2 $h [electronic resource] / $c Thomas D'Arcy McGee
=260  \\ $b Project Gutenberg, $c 2004
=506  \\ $a Public domain in the USA.
=516  \\ $a Text
=653  \\ $a Ireland -- History
=830  \0 $a Project Gutenberg $v 6633
=856  40 $u http://www.gutenberg.org/ebooks/6633

