=LDR  00662nas  2200217uu 4500
=000  00568cam\a22001693a\4500
=001  6635
=003  PGUSA
=005  20161217030037.0
=008  041001s2004||||xxu|||||s|||||000\1\eng\d
=040  \\ $a PGUSA $b eng
=042  \\ $a dc
=050  \4$aPS
=100  1\ $a Rice, Alice Caldwell Hegan, $d 1870-1942
=245  12 $a A Romance of Billy-Goat Hill $h [electronic resource] / $c Alice Caldwell Hegan Rice
=260  \\ $b Project Gutenberg, $c 2004
=506  \\ $a Public domain in the USA.
=516  \\ $a Text
=653  \\ $a Kentucky -- Fiction
=830  \0 $a Project Gutenberg $v 6635
=856  40 $u http://www.gutenberg.org/ebooks/6635

