=LDR  00912nas  2200229uu 4500
=000  00568cam\a22001693a\4500
=001  6636
=003  PGUSA
=005  20161217030037.0
=008  041001s2004||||xxu|||||s|||||000\|\eng\d
=040  \\ $a PGUSA $b eng
=042  \\ $a dc
=050  \4$aHQ
=100  1\ $a Ryder, Annie H.
=245  10 $a Hold Up Your Heads, Girls! Helps for Girls, in School and Out $h [electronic resource] / $c Annie H. Ryder
=260  \\ $b Project Gutenberg, $c 2004
=505  0\ $a How to talk -- How to get acquainted with nature -- How to make the most of work -- What can I do? -- What to study -- English literature and other studies -- The commonplace -- Moods -- Womanliness -- Girls and their friends -- Youths and maidens.
=506  \\ $a Public domain in the USA.
=516  \\ $a Text
=653  \\ $a Girls
=830  \0 $a Project Gutenberg $v 6636
=856  40 $u http://www.gutenberg.org/ebooks/6636

