=LDR  00944nas  2200229uu 4500
=000  00568cam\a22001693a\4500
=001  6638
=003  PGUSA
=005  20161217030037.0
=008  041001s2004||||xxu|||||s|||||000\|\ger\d
=040  \\ $a PGUSA $b ger
=042  \\ $a dc
=050  \4$aPT
=100  1\ $a Hauff, Wilhelm, $d 1802-1827
=245  10 $a Märchen-Almanach auf das Jahr 1826 $h [electronic resource] / $c Wilhelm Hauff
=260  \\ $b Project Gutenberg, $c 2004
=505  0\ $a Märchen als Almanach -- Die Karawane (Rahmenerzählung) -- Die Geschichte vom Kalif Storch -- Die Geschichte von dem Gespensterschiff -- Die Geschichte von der abgehauenen Hand -- Die Errettung Fatmes -- Die Geschichte von dem kleinen Muck -- Das Märchen vom falschen Prinzen
=506  \\ $a Public domain in the USA.
=516  \\ $a Text
=653  \\ $a Fairy tales -- Germany
=830  \0 $a Project Gutenberg $v 6638
=856  40 $u http://www.gutenberg.org/ebooks/6638

