=LDR  00970nas  2200229uu 4500
=000  00568cam\a22001693a\4500
=001  6639
=003  PGUSA
=005  20161217030037.0
=008  041001s2004||||xxu|||||s|||||000\|\ger\d
=040  \\ $a PGUSA $b ger
=042  \\ $a dc
=050  \4$aPT
=100  1\ $a Hauff, Wilhelm, $d 1802-1827
=245  10 $a Märchen-Almanach auf das Jahr 1827 $h [electronic resource] / $c Wilhelm Hauff
=260  \\ $b Project Gutenberg, $c 2004
=505  0\ $a Der Scheik von Alessandria und seine Sklaven (Rahmenerzählung) -- Der Zwerg Nase -- Abner, der Jude, der nichts gesehen hat -- Der arme Stephan -- Der gebackene Kopf -- Der Affe als Mensch (Der junge Engländer) -- Das Fest der Unterirdischen -- Schneeweißchen und Rosenrot -- Die Geschichte Almansors
=506  \\ $a Public domain in the USA.
=516  \\ $a Text
=653  \\ $a Fairy tales -- Germany
=830  \0 $a Project Gutenberg $v 6639
=856  40 $u http://www.gutenberg.org/ebooks/6639

