=LDR  01398nas  2200241uu 4500
=000  00568cam\a22001693a\4500
=001  6641
=003  PGUSA
=005  20161217030037.0
=008  041001s2004||||xxu|||||s|||||000\|\ger\d
=040  \\ $a PGUSA $b ger
=042  \\ $a dc
=050  \4$aPT
=050  \4$aGR
=100  1\ $a Arndt, Ernst Moritz, $d 1769-1860
=245  10 $a Märchen und Sagen $h [electronic resource] / $c Ernst Moritz Arndt
=260  \\ $b Project Gutenberg, $c 2004
=505  0\ $a Das brennende Geld -- De Blagfoot -- De Brügg bi Slemmin -- De Köninge van den Deerden -- De Prester un de Düwel -- De Raw de Ringdeef -- De Wewer un de Steen -- De krassende Hahn -- De witte Fru to Löbnitz -- Der Rabenstein -- Der Schlangenkönig -- Der Wiedehopf -- Der Wolf und die Nachtigall -- Der große Jochen -- Die Unterirdischen in den Neun Bergen bei Rambin -- Die alte Burg bei Löbnitz -- Dom büst du då? -- Geschichte von den sieben bunten Mäusen -- Halt den Mittelweg! -- Ick bün de Ridder Unvörzagt und sla der Säwen mit eenem Slag -- Kater Martinchen -- Klas Avenstaken -- Prinzessin Svanvithe -- Rattenkönig Birlibi -- Rotkehlchen und Kohlmeischen -- Schipper Gau un sin Puk -- Thrin Wulfen
=506  \\ $a Public domain in the USA.
=516  \\ $a Text
=653  \\ $a Fairy tales -- Germany
=830  \0 $a Project Gutenberg $v 6641
=856  40 $u http://www.gutenberg.org/ebooks/6641

