=LDR  00646nas  2200217uu 4500
=000  00568cam\a22001693a\4500
=001  6644
=003  PGUSA
=005  20161217030037.0
=008  041001s2004||||xxu|||||s|||||000\|\ger\d
=040  \\ $a PGUSA $b ger
=042  \\ $a dc
=050  \4$aPT
=100  1\ $a Raimund, Ferdinand, $d 1790-1836
=245  14 $a Der Barometermacher auf der Zauberinsel $h [electronic resource] / $c Ferdinand Raimund
=260  \\ $b Project Gutenberg, $c 2004
=506  \\ $a Public domain in the USA.
=516  \\ $a Text
=653  \\ $a Comedies
=830  \0 $a Project Gutenberg $v 6644
=856  40 $u http://www.gutenberg.org/ebooks/6644

