=LDR  00988nas  2200265uu 4500
=000  00568cam\a22001693a\4500
=001  6645
=003  PGUSA
=005  20161217030037.0
=008  041001s2004||||xxu|||||s|||||000\1\ger\d
=040  \\ $a PGUSA $b ger
=042  \\ $a dc
=050  \4$aPT
=100  1\ $a Kleist, Heinrich von, $d 1777-1811
=245  10 $a Ausgewählte Schriften $h [electronic resource] / $c Heinrich von Kleist
=260  \\ $b Project Gutenberg, $c 2004
=505  0\ $a Das Bettelweib von Locarno -- Das Erdbeben in Chili -- Der Findling -- Der Zweikampf -- Die heilige Cäcilie -- Die Marquise von O... -- Die Verlobung in St. Domingo -- Geistererscheinung -- Michael Kohlhaas
=506  \\ $a Public domain in the USA.
=516  \\ $a Text
=653  \\ $a Germany -- Fiction
=653  \\ $a South America -- Fiction
=653  \\ $a West Indies -- Fiction
=653  \\ $a Italy -- Fiction
=830  \0 $a Project Gutenberg $v 6645
=856  40 $u http://www.gutenberg.org/ebooks/6645

