=LDR  00791nas  2200253uu 4500
=000  00568cam\a22001693a\4500
=001  6648
=003  PGUSA
=005  20161217030037.0
=008  041001s2004||||xxu|||||s|||||000\|\ger\d
=040  \\ $a PGUSA $b ger
=042  \\ $a dc
=050  \4$aPT
=100  1\ $a Kleist, Heinrich von, $d 1777-1811
=245  10 $a Penthesilea $h [electronic resource] / $c Heinrich von Kleist
=260  \\ $b Project Gutenberg, $c 2004
=506  \\ $a Public domain in the USA.
=516  \\ $a Text
=653  \\ $a Penthesilea, Queen of the Amazons -- Drama
=653  \\ $a Kings and rulers -- Drama
=653  \\ $a Achilles (Mythological character) -- Drama
=653  \\ $a Verse drama
=830  \0 $a Project Gutenberg $v 6648
=856  40 $u http://www.gutenberg.org/ebooks/6648

