=LDR  01235nas  2200229uu 4500
=000  00568cam\a22001693a\4500
=001  6649
=003  PGUSA
=005  20161217030037.0
=008  041001s2004||||xxu|||||s|||||000\p\ger\d
=040  \\ $a PGUSA $b ger
=042  \\ $a dc
=050  \4$aPT
=100  1\ $a Schiller, Friedrich, $d 1759-1805
=245  10 $a Einige Gedichte $h [electronic resource] / $c Friedrich Schiller
=260  \\ $b Project Gutenberg, $c 2004
=505  0\ $a Abschied vom Leser -- Amalia -- An den Frühling -- An die Astronomen -- An einen Moralisten -- Bittschrift -- Das Geheimnis -- Das Glück der Weisheit -- Das Lied von der Glocke -- Das Mädchen aus der Fremde -- Das Mädchen von Orleans -- Das Spiel des Lebens -- Das verschleierte Bild zu Sais -- Der Abend -- Die Antiken zu Paris -- Die schönste Erscheinung -- Die Weltweisen -- Epigramme Friedrich Schiller -- Forum des Weibes -- Odysseus -- Sehnsucht -- Spinoza -- Thekla -- Triumph der Liebe -- Weibliches Urteil -- Winternacht -- Zum Geburtstag der Frau Griesbach
=506  \\ $a Public domain in the USA.
=516  \\ $a Text
=653  \\ $a German poetry -- 18th century
=830  \0 $a Project Gutenberg $v 6649
=856  40 $u http://www.gutenberg.org/ebooks/6649

