=LDR  00658nas  2200229uu 4500
=000  00568cam\a22001693a\4500
=001  6650
=003  PGUSA
=005  20161217030037.0
=008  041001s2004||||xxu|||||s|||||000\1\eng\d
=040  \\ $a PGUSA $b eng
=042  \\ $a dc
=050  \4$aPT
=100  1\ $a Storm, Theodor, $d 1817-1888
=245  10 $a Immensee $h [electronic resource] / $c Theodor Storm
=260  \\ $b Project Gutenberg, $c 2004
=506  \\ $a Public domain in the USA.
=516  \\ $a Text
=653  \\ $a Germany, Northern -- Fiction
=653  \\ $a Love stories
=830  \0 $a Project Gutenberg $v 6650
=856  40 $u http://www.gutenberg.org/ebooks/6650

