=LDR  00806nas  2200265uu 4500
=000  00568cam\a22001693a\4500
=001  6652
=003  PGUSA
=005  20161217030037.0
=008  041001s2004||||xxu|||||s|||||000\p\eng\d
=040  \\ $a PGUSA $b eng
=042  \\ $a dc
=050  \4$aPR
=245  14 $a The Humorous Poetry of the English Language; from Chaucer to Saxe $h [electronic resource]
=260  \\ $b Project Gutenberg, $c 2004
=506  \\ $a Public domain in the USA.
=516  \\ $a Text
=653  \\ $a Humorous poetry, American
=653  \\ $a Humorous poetry, English
=653  \\ $a American poetry
=653  \\ $a English wit and humor
=653  \\ $a American wit and humor
=653  \\ $a English poetry
=830  \0 $a Project Gutenberg $v 6652
=856  40 $u http://www.gutenberg.org/ebooks/6652

