=LDR  00923nas  2200265uu 4500
=000  00568cam\a22001693a\4500
=001  6655
=003  PGUSA
=005  20161217030037.0
=008  041001s2004||||xxu|||||s|||||000\1\eng\d
=040  \\ $a PGUSA $b eng
=042  \\ $a dc
=050  \4$aPZ
=100  1\ $a Fitzhugh, Percy Keese, $d 1876-1950
=245  10 $a Tom Slade : $b Boy Scout of the Moving Pictures $h [electronic resource] / $c Percy Keese Fitzhugh
=260  \\ $b Project Gutenberg, $c 2004
=506  \\ $a Public domain in the USA.
=516  \\ $a Text
=653  \\ $a Outdoor recreation -- United States -- Juvenile fiction
=653  \\ $a Adventure stories
=653  \\ $a Character -- Juvenile fiction
=653  \\ $a Determination (Personality trait) -- Juvenile fiction
=653  \\ $a Boy Scouts of America -- Juvenile fiction
=830  \0 $a Project Gutenberg $v 6655
=856  40 $u http://www.gutenberg.org/ebooks/6655

