=LDR  00694nas  2200217uu 4500
=000  00568cam\a22001693a\4500
=001  6656
=003  PGUSA
=005  20161217030037.0
=008  041001s2004||||xxu|||||s|||||000\|\eng\d
=040  \\ $a PGUSA $b eng
=042  \\ $a dc
=050  \4$aPB
=100  1\ $a Gregory, Lady, $d 1852-1932
=245  14 $a The Kiltartan Poetry Book; prose translations from the Irish $h [electronic resource] / $c Lady Gregory
=260  \\ $b Project Gutenberg, $c 2004
=506  \\ $a Public domain in the USA.
=516  \\ $a Text
=653  \\ $a Irish literature -- Translations into English
=830  \0 $a Project Gutenberg $v 6656
=856  40 $u http://www.gutenberg.org/ebooks/6656

