=LDR  00654nas  2200229uu 4500
=000  00568cam\a22001693a\4500
=001  6657
=003  PGUSA
=005  20161217030037.0
=008  041001s2004||||xxu|||||s|||||000\|\eng\d
=040  \\ $a PGUSA $b eng
=042  \\ $a dc
=050  \4$aBT
=100  1\ $a Clark, Dougan, $d 1828-1896
=245  14 $a The Theology of Holiness $h [electronic resource] / $c Dougan Clark
=260  \\ $b Project Gutenberg, $c 2004
=506  \\ $a Public domain in the USA.
=516  \\ $a Text
=653  \\ $a Holiness
=653  \\ $a Sanctification
=830  \0 $a Project Gutenberg $v 6657
=856  40 $u http://www.gutenberg.org/ebooks/6657

