=LDR  00807nas  2200241uu 4500
=000  00568cam\a22001693a\4500
=001  6658
=003  PGUSA
=005  20161217030037.0
=008  041001s2004||||xxu|||||s|||||000\1\eng\d
=040  \\ $a PGUSA $b eng
=042  \\ $a dc
=050  \4$aPR
=100  1\ $a Bompas, Charlotte Selina, $d 1830-1917
=245  10 $a Owindia : $b a true tale of the MacKenzie River Indians, North-West America $h [electronic resource] / $c Charlotte Selina Bompas
=260  \\ $b Project Gutenberg, $c 2004
=506  \\ $a Public domain in the USA.
=516  \\ $a Text
=653  \\ $a Foundlings -- Fiction
=653  \\ $a Indians of North America -- Canada -- Fiction
=653  \\ $a Murder -- Fiction
=830  \0 $a Project Gutenberg $v 6658
=856  40 $u http://www.gutenberg.org/ebooks/6658

