=LDR  00672nas  2200217uu 4500
=000  00568cam\a22001693a\4500
=001  6659
=003  PGUSA
=005  20161217030037.0
=008  041001s2004||||xxu|||||s|||||000\|\eng\d
=040  \\ $a PGUSA $b eng
=042  \\ $a dc
=050  \4$aDA
=100  1\ $a Abbott, Jacob, $d 1803-1879
=245  10 $a History of King Charles the Second of England $h [electronic resource] / $c Jacob Abbott
=260  \\ $b Project Gutenberg, $c 2004
=506  \\ $a Public domain in the USA.
=516  \\ $a Text
=653  \\ $a Charles II, King of England, 1630-1685
=830  \0 $a Project Gutenberg $v 6659
=856  40 $u http://www.gutenberg.org/ebooks/6659

