=LDR  00832nas  2200229uu 4500
=000  00568cam\a22001693a\4500
=001  6660
=003  PGUSA
=005  20161217030037.0
=008  041001s2004||||xxu|||||s|||||000\e\eng\d
=040  \\ $a PGUSA $b eng
=042  \\ $a dc
=050  \4$aPR
=100  1\ $a De Quincey, Thomas, $d 1785-1859
=245  10 $a Theological Essays and Other Papers — Volume 2 $h [electronic resource] / $c Thomas De Quincey
=260  \\ $b Project Gutenberg, $c 2004
=505  0\ $a Secession from the church of Scotland -- Toilette of the Hebrew lady -- Milton -- Charlemagne -- Modern Greece -- Lord Carlisle on Pope.
=506  \\ $a Public domain in the USA.
=516  \\ $a Text
=653  \\ $a English essays -- 19th century
=830  \0 $a Project Gutenberg $v 6660
=856  40 $u http://www.gutenberg.org/ebooks/6660

