=LDR  00872nas  2200241uu 4500
=000  00568cam\a22001693a\4500
=001  6661
=003  PGUSA
=005  20161217030037.0
=008  041001s2004||||xxu|||||s|||||000\1\eng\d
=040  \\ $a PGUSA $b eng
=042  \\ $a dc
=050  \4$aPR
=100  1\ $a Scott, Walter, $d 1771-1832
=245  10 $a Waverley Novels — Volume 12 $h [electronic resource] / $c Walter Scott
=260  \\ $b Project Gutenberg, $c 2004
=505  0\ $a Tales Of My Landlord -- Count Robert Of Paris -- Castle Dangerous -- My Aunt Margaret's Mirror -- The Mirror -- The Tapestried Chamber; Or, The Lady In The Sacque.
=506  \\ $a Public domain in the USA.
=516  \\ $a Text
=653  \\ $a Scotland -- In literature
=653  \\ $a Historical fiction, Scottish
=830  \0 $a Project Gutenberg $v 6661
=856  40 $u http://www.gutenberg.org/ebooks/6661

