=LDR  01114nas  2200253uu 4500
=000  00568cam\a22001693a\4500
=001  6662
=003  PGUSA
=005  20161217030037.0
=008  041001s2004||||xxu|||||s|||||000\1\eng\d
=040  \\ $a PGUSA $b eng
=042  \\ $a dc
=050  \4$aPS
=100  1\ $a Kelly, Myra, $d 1876-1910
=245  10 $a Little Citizens : $b The Humours of School Life $h [electronic resource] / $c Myra Kelly
=260  \\ $b Project Gutenberg, $c 2004
=505  0\ $a A little matter of real estate -- The uses of adversity -- A Christmas present for a lady -- Love among the blackboards -- Morris and the Honourable Tim -- When a man's widowed -- H.R.H. the Prince of Hester Street -- The land of heart's desire -- A passport to paradise -- The touch of nature.
=506  \\ $a Public domain in the USA.
=516  \\ $a Text
=653  \\ $a Students -- New York (State) -- New York -- Fiction
=653  \\ $a United States -- Social life and customs -- 20th century -- Fiction
=653  \\ $a Short stories
=830  \0 $a Project Gutenberg $v 6662
=856  40 $u http://www.gutenberg.org/ebooks/6662

