=LDR  00790nas  2200229uu 4500
=000  00568cam\a22001693a\4500
=001  6663
=003  PGUSA
=005  20161217030037.0
=008  041001s2004||||xxu|||||s|||||000\|\eng\d
=040  \\ $a PGUSA $b eng
=042  \\ $a dc
=050  \4$aF1001
=100  1\ $a Haight, Canniff, $d 1825-1901
=245  10 $a Country Life in Canada Fifty Years Ago : $b $b Personal recollections and reminiscences of a sexagenarian $h [electronic resource] / $c Canniff Haight
=260  \\ $b Project Gutenberg, $c 2004
=506  \\ $a Public domain in the USA.
=516  \\ $a Text
=653  \\ $a Frontier and pioneer life -- Ontario
=653  \\ $a Ontario -- Social life and customs
=830  \0 $a Project Gutenberg $v 6663
=856  40 $u http://www.gutenberg.org/ebooks/6663

