=LDR  00626nas  2200217uu 4500
=000  00568cam\a22001693a\4500
=001  6664
=003  PGUSA
=005  20161217030037.0
=008  060422s2006||||xxu|||||s|||||000\1\eng\d
=040  \\ $a PGUSA $b eng
=042  \\ $a dc
=050  \4$aPQ
=100  1\ $a Loti, Pierre, $d 1850-1923
=245  14 $a The Story of a Child $h [electronic resource] / $c Pierre Loti
=260  \\ $b Project Gutenberg, $c 2006
=506  \\ $a Public domain in the USA.
=516  \\ $a Text
=653  \\ $a Children -- Fiction
=830  \0 $a Project Gutenberg $v 6664
=856  40 $u http://www.gutenberg.org/ebooks/6664

