=LDR  00676nas  2200217uu 4500
=000  00568cam\a22001693a\4500
=001  6665
=003  PGUSA
=005  20161217030037.0
=008  041001s2004||||xxu|||||s|||||000\|\eng\d
=040  \\ $a PGUSA $b eng
=042  \\ $a dc
=050  \4$aE151
=100  1\ $a Sparks, Edwin Erle, $d 1860-1924
=245  14 $a The United States of America, Part 1 : $b 1783-1830 $h [electronic resource] / $c Edwin Erle Sparks
=260  \\ $b Project Gutenberg, $c 2004
=506  \\ $a Public domain in the USA.
=516  \\ $a Text
=653  \\ $a United States -- History
=830  \0 $a Project Gutenberg $v 6665
=856  40 $u http://www.gutenberg.org/ebooks/6665

