=LDR  00773nas  2200241uu 4500
=000  00568cam\a22001693a\4500
=001  6668
=003  PGUSA
=005  20161217030037.0
=008  041001s2004||||xxu|||||s|||||000\1\eng\d
=040  \\ $a PGUSA $b eng
=042  \\ $a dc
=050  \4$aPS
=100  1\ $a Collins, J. E. $q (Joseph Edmund), $d 1855-1892
=245  10 $a Annette, the Metis Spy : $b A Heroine of the N.W. Rebellion $h [electronic resource] / $c J. E. Collins
=260  \\ $b Project Gutenberg, $c 2004
=506  \\ $a Public domain in the USA.
=516  \\ $a Text
=653  \\ $a Riel Rebellion, 1885 -- Fiction
=653  \\ $a Canada -- Fiction
=653  \\ $a Historical fiction
=830  \0 $a Project Gutenberg $v 6668
=856  40 $u http://www.gutenberg.org/ebooks/6668

