=LDR  00774nas  2200229uu 4500
=000  00568cam\a22001693a\4500
=001  6669
=003  PGUSA
=005  20161217030037.0
=008  041001s2004||||xxu|||||s|||||000\|\eng\d
=040  \\ $a PGUSA $b eng
=042  \\ $a dc
=050  \4$aBX
=100  1\ $a Booth, Catherine Mumford, $d 1829-1890
=245  10 $a Godliness : $b being reports of a series of addresses delivered at James's Hall, London, W. during 1881 $h [electronic resource] / $c Catherine Mumford Booth
=260  \\ $b Project Gutenberg, $c 2004
=506  \\ $a Public domain in the USA.
=516  \\ $a Text
=653  \\ $a Salvation Army -- Sermons
=653  \\ $a Sermons, English
=830  \0 $a Project Gutenberg $v 6669
=856  40 $u http://www.gutenberg.org/ebooks/6669

