=LDR  00893nas  2200253uu 4500
=000  00568cam\a22001693a\4500
=001  6671
=003  PGUSA
=005  20161217030037.0
=008  041001s2004||||xxu|||||s|||||000\|\eng\d
=040  \\ $a PGUSA $b eng
=042  \\ $a dc
=050  \4$aDA
=100  1\ $a Craik, Henry, $c Sir, $d 1846-1927
=245  10 $a Life of Edward Earl of Clarendon — Volume 02 $h [electronic resource] / $c Henry, Craik
=260  \\ $b Project Gutenberg, $c 2004
=506  \\ $a Public domain in the USA.
=516  \\ $a Text
=653  \\ $a Great Britain -- History -- Stuarts, 1603-1714
=653  \\ $a Clarendon, Edward Hyde, Earl of, 1609-1674
=653  \\ $a Great Britain -- History -- Puritan Revolution, 1642-1660
=653  \\ $a Great Britain -- History -- Charles II, 1660-1685
=830  \0 $a Project Gutenberg $v 6671
=856  40 $u http://www.gutenberg.org/ebooks/6671

