=LDR  00626nas  2200217uu 4500
=000  00568cam\a22001693a\4500
=001  6672
=003  PGUSA
=005  20161217030037.0
=008  041001s2004||||xxu|||||s|||||000\|\eng\d
=040  \\ $a PGUSA $b eng
=042  \\ $a dc
=050  \4$aPR
=100  1\ $a De Quincey, Thomas, $d 1785-1859
=245  14 $a The Caesars $h [electronic resource] / $c Thomas De Quincey
=260  \\ $b Project Gutenberg, $c 2004
=506  \\ $a Public domain in the USA.
=516  \\ $a Text
=653  \\ $a Emperors -- Rome
=830  \0 $a Project Gutenberg $v 6672
=856  40 $u http://www.gutenberg.org/ebooks/6672

