=LDR  00777nas  2200217uu 4500
=000  00568cam\a22001693a\4500
=001  6673
=003  PGUSA
=005  20161217030037.0
=008  041001s2004||||xxu|||||s|||||000\|\eng\d
=040  \\ $a PGUSA $b eng
=042  \\ $a dc
=050  \4$aHS
=100  1\ $a Baden-Powell of Gilwell, Robert Stephenson Smyth Baden-Powell, Baron, $d 1857-1941
=245  10 $a Young Knights of the Empire : $b Their Code, and Further Scout Yarns $h [electronic resource] / $c Robert Stephenson Smyth Baden-Powell, Baron Baden-Powell of Gilwell
=260  \\ $b Project Gutenberg, $c 2004
=506  \\ $a Public domain in the USA.
=516  \\ $a Text
=653  \\ $a Boy Scouts
=830  \0 $a Project Gutenberg $v 6673
=856  40 $u http://www.gutenberg.org/ebooks/6673

