=LDR  00633nas  2200217uu 4500
=000  00568cam\a22001693a\4500
=001  6674
=003  PGUSA
=005  20161217030037.0
=008  041001s2004||||xxu|||||s|||||000\|\eng\d
=040  \\ $a PGUSA $b eng
=042  \\ $a dc
=050  \4$aGT
=100  1\ $a Sangster, William, $d 1808-1888
=245  10 $a Umbrellas and Their History $h [electronic resource] / $c William Sangster
=260  \\ $b Project Gutenberg, $c 2004
=506  \\ $a Public domain in the USA.
=516  \\ $a Text
=653  \\ $a Umbrellas
=830  \0 $a Project Gutenberg $v 6674
=856  40 $u http://www.gutenberg.org/ebooks/6674

