=LDR  00728nas  2200229uu 4500
=000  00568cam\a22001693a\4500
=001  6675
=003  PGUSA
=005  20161217030037.0
=008  041001s2004||||xxu|||||s|||||000\|\eng\d
=040  \\ $a PGUSA $b eng
=042  \\ $a dc
=050  \4$aG
=100  1\ $a Beesley, Lawrence, $d 1877-1967
=245  14 $a The Loss of the S. S. Titanic : $b Its Story and Its Lessons $h [electronic resource] / $c Lawrence Beesley
=260  \\ $b Project Gutenberg, $c 2004
=506  \\ $a Public domain in the USA.
=516  \\ $a Text
=653  \\ $a Shipwrecks -- North Atlantic Ocean
=653  \\ $a Titanic (Steamship)
=830  \0 $a Project Gutenberg $v 6675
=856  40 $u http://www.gutenberg.org/ebooks/6675

