=LDR  00848nas  2200265uu 4500
=000  00568cam\a22001693a\4500
=001  6676
=003  PGUSA
=005  20161217030037.0
=008  041001s2004||||xxu|||||s|||||000\1\eng\d
=040  \\ $a PGUSA $b eng
=042  \\ $a dc
=050  \4$aPZ
=100  1\ $a Molesworth, $c Mrs, $d 1839-1921
=245  10 $a Rosy $h [electronic resource] / $c Molesworth,
=260  \\ $b Project Gutenberg, $c 2004
=506  \\ $a Public domain in the USA.
=516  \\ $a Text
=653  \\ $a Girls -- Conduct of life -- Juvenile fiction
=653  \\ $a Jealousy -- Juvenile fiction
=653  \\ $a Family -- England -- Juvenile fiction
=653  \\ $a Brothers and sisters -- Juvenile fiction
=653  \\ $a Temper -- Juvenile fiction
=830  \0 $a Project Gutenberg $v 6676
=856  40 $u http://www.gutenberg.org/ebooks/6676

