=LDR  00733nas  2200241uu 4500
=000  00568cam\a22001693a\4500
=001  6677
=003  PGUSA
=005  20161217030037.0
=008  041001s2004||||xxu|||||s|||||000\|\eng\d
=040  \\ $a PGUSA $b eng
=042  \\ $a dc
=050  \4$aTX
=100  1\ $a Leslie, Eliza, $d 1787-1858
=245  10 $a Seventy-Five Receipts for Pastry, Cakes and Sweetmeats, by Miss Leslie $h [electronic resource] / $c Eliza Leslie
=260  \\ $b Project Gutenberg, $c 2004
=506  \\ $a Public domain in the USA.
=516  \\ $a Text
=653  \\ $a Confectionery
=653  \\ $a Cooking, American
=653  \\ $a Pastry
=830  \0 $a Project Gutenberg $v 6677
=856  40 $u http://www.gutenberg.org/ebooks/6677

