=LDR  01264nas  2200217uu 4500
=000  00568cam\a22001693a\4500
=001  6678
=003  PGUSA
=005  20161217030037.0
=008  041001s2004||||xxu|||||s|||||000\|\eng\d
=040  \\ $a PGUSA $b eng
=042  \\ $a dc
=050  \4$aPN
=245  10 $a Nonsenseorship $h [electronic resource]
=260  \\ $b Project Gutenberg, $c 2004
=505  0\ $a We have with us today, by G. P. P. -- Evolution, another of those outlines, by G. S. Chappell -- Nonsenseorship, by H. Broun -- Literature and the bastinado, by B. Hecht -- The woman's place, by Ruth Hale -- Owed to Volstead, by W. Irwin -- The censorship of thought, by R. Keable -- The uninhibited flapper, by Helen B. Lowry -- The wowzer in the South Seas, by F. O'Brien -- Reformers: a hymn of hate, by Dorothy Parker -- Prohibition, by F. Swinnerton -- A guess at unwritten history, by H. M. Tomlinson -- In vino demi-tasse, by C. H. Towne -- Bootleg, by J. V. A. Weaver -- And the playwright, by A. Wollcott -- The oracle that always says "no", by the author of the "Mirrors of Washington."
=506  \\ $a Public domain in the USA.
=516  \\ $a Text
=653  \\ $a Censorship
=830  \0 $a Project Gutenberg $v 6678
=856  40 $u http://www.gutenberg.org/ebooks/6678

