=LDR  00691nas  2200229uu 4500
=000  00568cam\a22001693a\4500
=001  6679
=003  PGUSA
=005  20161217030037.0
=008  041001s2004||||xxu|||||s|||||000\1\eng\d
=040  \\ $a PGUSA $b eng
=042  \\ $a dc
=050  \4$aPS
=100  1\ $a Woolson, Constance Fenimore, $d 1840-1894
=245  14 $a The Old Stone House $h [electronic resource] / $c Constance Fenimore Woolson
=260  \\ $b Project Gutenberg, $c 2004
=506  \\ $a Public domain in the USA.
=516  \\ $a Text
=653  \\ $a Cousins -- Fiction
=653  \\ $a Orphans -- Fiction
=830  \0 $a Project Gutenberg $v 6679
=856  40 $u http://www.gutenberg.org/ebooks/6679

