=LDR  01239nas  2200229uu 4500
=000  00568cam\a22001693a\4500
=001  6682
=003  PGUSA
=005  20161217030037.0
=008  041001s2004||||xxu|||||s|||||000\p\eng\d
=040  \\ $a PGUSA $b eng
=042  \\ $a dc
=050  \4$aPS
=100  1\ $a Wylie, Elinor, $d 1885-1928
=245  10 $a Nets to Catch the Wind $h [electronic resource] / $c Elinor Wylie
=260  \\ $b Project Gutenberg, $c 2004
=505  0\ $a Beauty -- The Eagle and the Mole -- Madman's Song -- The Prinkin' Leddie -- August -- The Crooked Stick -- Atavism -- Wild Peaches -- Sanctuary -- The Lion and the Lamb -- The Church-Bell -- A Crowded Trolley Car -- Bells in the Rain -- Winter Sleep -- Village Mystery -- Sunset on the Spire -- Escape -- The Fairy Goldsmith -- "Fire and Sleet and Candlelight" -- Blood Feud -- Sea Lullaby -- Nancy -- A Proud Lady -- The Tortoise in Eternity -- Incantation -- Silver Filigree -- The Falcon -- Bronze Trumpets and Sea Water--On Turning Latin into English -- Spring Pastoral -- Velvet Shoes -- Valentine.
=506  \\ $a Public domain in the USA.
=516  \\ $a Text
=653  \\ $a Poetry
=830  \0 $a Project Gutenberg $v 6682
=856  40 $u http://www.gutenberg.org/ebooks/6682

