=LDR  00641nas  2200229uu 4500
=000  00568cam\a22001693a\4500
=001  6685
=003  PGUSA
=005  20161217030037.0
=008  041001s2004||||xxu|||||s|||||000\|\eng\d
=040  \\ $a PGUSA $b eng
=042  \\ $a dc
=050  \4$aLB
=100  1\ $a Coe, Ida, $d 1876-
=245  10 $a Story Hour Readers — Book Three $h [electronic resource] / $c Ida Coe
=260  \\ $b Project Gutenberg, $c 2004
=506  \\ $a Public domain in the USA.
=516  \\ $a Text
=653  \\ $a Readers
=653  \\ $a Reading
=830  \0 $a Project Gutenberg $v 6685
=856  40 $u http://www.gutenberg.org/ebooks/6685

