=LDR  00805nas  2200253uu 4500
=000  00568cam\a22001693a\4500
=001  6687
=003  PGUSA
=005  20161217030037.0
=008  041001s2004||||xxu|||||s|||||000\|\eng\d
=040  \\ $a PGUSA $b eng
=042  \\ $a dc
=050  \4$aDS
=050  \4$aBP
=100  1\ $a Blavatsky, H. P. $q (Helena Petrovna), $d 1831-1891
=245  10 $a From the Caves and Jungles of Hindostan $h [electronic resource] / $c H. P. Blavatsky
=260  \\ $b Project Gutenberg, $c 2004
=506  \\ $a Public domain in the USA.
=516  \\ $a Text
=653  \\ $a India -- Description and travel
=653  \\ $a Blavatsky, H. P. (Helena Petrovna), 1831-1891
=653  \\ $a India -- Religion
=830  \0 $a Project Gutenberg $v 6687
=856  40 $u http://www.gutenberg.org/ebooks/6687

