=LDR  01004nas  2200325uu 4500
=000  00568cam\a22001693a\4500
=001  6688
=003  PGUSA
=005  20161217030037.0
=008  041001s2004||||xxu|||||s|||||000\1\eng\d
=040  \\ $a PGUSA $b eng
=042  \\ $a dc
=050  \4$aPR
=100  1\ $a Eliot, George, $d 1819-1880
=245  14 $a The Mill on the Floss $h [electronic resource] / $c George Eliot
=260  \\ $b Project Gutenberg, $c 2004
=506  \\ $a Public domain in the USA.
=516  \\ $a Text
=653  \\ $a Water mills -- Fiction
=653  \\ $a Loss (Psychology) -- Fiction
=653  \\ $a Brothers and sisters -- Fiction
=653  \\ $a Love stories
=653  \\ $a Psychological fiction
=653  \\ $a Young women -- Fiction
=653  \\ $a Vendetta -- Fiction
=653  \\ $a England -- Fiction
=653  \\ $a Domestic fiction
=653  \\ $a Conflict of generations -- Fiction
=830  \0 $a Project Gutenberg $v 6688
=856  40 $u http://www.gutenberg.org/ebooks/6688

