=LDR  00689nas  2200229uu 4500
=000  00568cam\a22001693a\4500
=001  6689
=003  PGUSA
=005  20161217030037.0
=008  041001s2004||||xxu|||||s|||||000\|\eng\d
=040  \\ $a PGUSA $b eng
=042  \\ $a dc
=050  \4$aPR
=100  1\ $a Dobson, Austin, $d 1840-1921
=245  10 $a Fielding $h [electronic resource] / $c Austin Dobson
=260  \\ $b Project Gutenberg, $c 2004
=506  \\ $a Public domain in the USA.
=516  \\ $a Text
=653  \\ $a Fielding, Henry, 1707-1754
=653  \\ $a Authors, English -- 18th century -- Biography
=830  \0 $a Project Gutenberg $v 6689
=856  40 $u http://www.gutenberg.org/ebooks/6689

