=LDR  00686nas  2200229uu 4500
=000  00568cam\a22001693a\4500
=001  6690
=003  PGUSA
=005  20161217030037.0
=008  041001s2004||||xxu|||||s|||||000\1\eng\d
=040  \\ $a PGUSA $b eng
=042  \\ $a dc
=050  \4$aPR
=100  1\ $a White, William Hale, $d 1831-1913
=245  14 $a The Revolution in Tanner's Lane $h [electronic resource] / $c William Hale White
=260  \\ $b Project Gutenberg, $c 2004
=506  \\ $a Public domain in the USA.
=516  \\ $a Text
=653  \\ $a Religious fiction
=653  \\ $a England -- Fiction
=830  \0 $a Project Gutenberg $v 6690
=856  40 $u http://www.gutenberg.org/ebooks/6690

