=LDR  00678nas  2200217uu 4500
=000  00568cam\a22001693a\4500
=001  6691
=003  PGUSA
=005  20161217030037.0
=008  041001s2004||||xxu|||||s|||||000\|\fre\d
=040  \\ $a PGUSA $b fre
=042  \\ $a dc
=050  \4$aDC
=100  1\ $a Danton, Georges Jacques, $d 1759-1794
=245  10 $a Discours Civiques de Danton $h [electronic resource] / $c Georges Jacques Danton
=260  \\ $b Project Gutenberg, $c 2004
=506  \\ $a Public domain in the USA.
=516  \\ $a Text
=653  \\ $a France -- History -- Revolution, 1789-1799
=830  \0 $a Project Gutenberg $v 6691
=856  40 $u http://www.gutenberg.org/ebooks/6691

