=LDR  00765nas  2200241uu 4500
=000  00568cam\a22001693a\4500
=001  6692
=003  PGUSA
=005  20161217030037.0
=008  041001s2004||||xxu|||||s|||||000\1\eng\d
=040  \\ $a PGUSA $b eng
=042  \\ $a dc
=050  \4$aPZ
=100  1\ $a Aikin, Lucy, $d 1781-1864
=245  14 $a The Swiss Family Robinson, Told in Words of One Syllable $h [electronic resource] / $c Lucy Aikin
=260  \\ $b Project Gutenberg, $c 2004
=506  \\ $a Public domain in the USA.
=516  \\ $a Text
=653  \\ $a Family life -- Juvenile fiction
=653  \\ $a Islands -- Juvenile fiction
=653  \\ $a Survival -- Juvenile fiction
=830  \0 $a Project Gutenberg $v 6692
=856  40 $u http://www.gutenberg.org/ebooks/6692

