=LDR  00610nas  2200217uu 4500
=000  00568cam\a22001693a\4500
=001  6693
=003  PGUSA
=005  20161217030037.0
=008  041001s2004||||xxu|||||s|||||000\|\eng\d
=040  \\ $a PGUSA $b eng
=042  \\ $a dc
=050  \4$aGN
=100  1\ $a How, Edith A.
=245  10 $a People of Africa $h [electronic resource] / $c Edith A. How
=260  \\ $b Project Gutenberg, $c 2004
=506  \\ $a Public domain in the USA.
=516  \\ $a Text
=653  \\ $a Ethnology -- Africa
=830  \0 $a Project Gutenberg $v 6693
=856  40 $u http://www.gutenberg.org/ebooks/6693

