=LDR  01210nas  2200253uu 4500
=000  00568cam\a22001693a\4500
=001  6694
=003  PGUSA
=005  20161217030037.0
=008  041001s2004||||xxu|||||s|||||000\1\eng\d
=040  \\ $a PGUSA $b eng
=042  \\ $a dc
=050  \4$aPT
=100  1\ $a Strindberg, August, $d 1849-1912
=245  10 $a In Midsummer Days, and Other Tales $h [electronic resource] / $c August Strindberg
=260  \\ $b Project Gutenberg, $c 2004
=505  0\ $a In midsummer days -- The big gravel-sifter -- The sluggard -- The pilot's troubles -- Photographer and philosopher -- Half a sheet of foolscap -- Conquering hero and fool -- What the tree-swallow sang in the buckthorn tree -- The mystery of the tobacco shed -- The story of the St. Gotthard -- The story of Jubal who had no "I" -- The golden helmets in the Alleberg -- Little Bluewing find the goldpowder.
=506  \\ $a Public domain in the USA.
=516  \\ $a Text
=653  \\ $a Sweden -- Social life and customs -- Fiction
=653  \\ $a Strindberg, August, 1849-1912 -- Translations into English
=653  \\ $a Short stories
=830  \0 $a Project Gutenberg $v 6694
=856  40 $u http://www.gutenberg.org/ebooks/6694

