=LDR  00994nas  2200241uu 4500
=000  00568cam\a22001693a\4500
=001  6695
=003  PGUSA
=005  20161217030037.0
=008  041001s2004||||xxu|||||s|||||000\1\eng\d
=040  \\ $a PGUSA $b eng
=042  \\ $a dc
=050  \4$aPS
=100  1\ $a Fitzgerald, F. Scott $q (Francis Scott), $d 1896-1940
=245  10 $a Tales of the Jazz Age $h [electronic resource] / $c F. Scott Fitzgerald
=260  \\ $b Project Gutenberg, $c 2004
=505  0\ $a The jelly-bean -- The camel's back -- May Day -- Porcelain and pink -- The diamond as big as the Ritz -- The curious case of Benjamin Button -- Tarquin of Cheapside -- "O Russet witch!" -- The lees of happiness -- Mr. Icky -- Jemina.
=506  \\ $a Public domain in the USA.
=516  \\ $a Text
=653  \\ $a Short stories
=653  \\ $a United States -- Social life and customs -- 20th century -- Fiction
=830  \0 $a Project Gutenberg $v 6695
=856  40 $u http://www.gutenberg.org/ebooks/6695

