=LDR  00890nas  2200241uu 4500
=000  00568cam\a22001693a\4500
=001  6696
=003  PGUSA
=005  20161217030037.0
=008  041001s2004||||xxu|||||s|||||000\1\ger\d
=040  \\ $a PGUSA $b ger
=042  \\ $a dc
=050  \4$aPT
=100  1\ $a Keller, Gottfried, $d 1819-1890
=245  14 $a Die Leute von Seldwyla — Band 1 $h [electronic resource] / $c Gottfried Keller
=260  \\ $b Project Gutenberg, $c 2004
=505  0\ $a Pankraz der Schmoller -- Romeo und Julia auf dem Dorfe -- Frau Regel Amrain und ihr Jüngster -- Die drei gerechten Kammacher -- Spiegel das Kätzchen: ein Märchen
=506  \\ $a Public domain in the USA.
=516  \\ $a Text
=653  \\ $a Short stories
=653  \\ $a Germany -- Social life and customs -- Fiction
=830  \0 $a Project Gutenberg $v 6696
=856  40 $u http://www.gutenberg.org/ebooks/6696

