=LDR  00966nas  2200229uu 4500
=000  00568cam\a22001693a\4500
=001  6697
=003  PGUSA
=005  20161217030037.0
=008  041001s2004||||xxu|||||s|||||000\|\eng\d
=040  \\ $a PGUSA $b eng
=042  \\ $a dc
=050  \4$aF001
=100  1\ $a Newton, Caroline Clifford, $d -1936
=245  10 $a Once Upon a Time in Connecticut $h [electronic resource] / $c Caroline Clifford Newton
=260  \\ $b Project Gutenberg, $c 2004
=505  0\ $a The House of hope and the Charter oak -- Two Indian warriors -- A harbor for ships -- Three judges -- The fort on the river -- The frogs of Windham -- Old Wolf Putnam -- The bullet-makers of Litchfield -- Newgate prison -- The dark day -- A French camp in Connecticut -- Nathan Hale.
=506  \\ $a Public domain in the USA.
=516  \\ $a Text
=653  \\ $a Connecticut -- History
=830  \0 $a Project Gutenberg $v 6697
=856  40 $u http://www.gutenberg.org/ebooks/6697

