=LDR  00797nas  2200241uu 4500
=000  00568cam\a22001693a\4500
=001  6699
=003  PGUSA
=005  20161217030037.0
=008  041001s2004||||xxu|||||s|||||000\|\eng\d
=040  \\ $a PGUSA $b eng
=042  \\ $a dc
=050  \4$aDA
=100  1\ $a Shelley, Henry C. $q (Henry Charles)
=245  10 $a Inns and Taverns of Old London $h [electronic resource] / $c Henry C. Shelley
=260  \\ $b Project Gutenberg, $c 2004
=506  \\ $a Public domain in the USA.
=516  \\ $a Text
=653  \\ $a London (England) -- History
=653  \\ $a Bars (Drinking establishments) -- England -- London -- History
=653  \\ $a Hotels -- England -- London -- History
=830  \0 $a Project Gutenberg $v 6699
=856  40 $u http://www.gutenberg.org/ebooks/6699

