=LDR  00751nas  2200217uu 4500
=000  00568cam\a22001693a\4500
=001  6700
=003  PGUSA
=005  20161217030037.0
=008  041001s2004||||xxu|||||s|||||000\|\eng\d
=040  \\ $a PGUSA $b eng
=042  \\ $a dc
=050  \4$aPT
=100  1\ $a Meinhold, Wilhelm, $d 1797-1851
=245  10 $a Sidonia, the Sorceress : $b the Supposed Destroyer of the Whole Reigning Ducal House of Pomerania — Volume 1 $h [electronic resource] / $c Wilhelm Meinhold
=260  \\ $b Project Gutenberg, $c 2004
=506  \\ $a Public domain in the USA.
=516  \\ $a Text
=653  \\ $a Witchcraft -- Pomerania (Poland and Germany)
=830  \0 $a Project Gutenberg $v 6700
=856  40 $u http://www.gutenberg.org/ebooks/6700

