=LDR  00879nas  2200241uu 4500
=000  00568cam\a22001693a\4500
=001  6702
=003  PGUSA
=005  20161217030037.0
=008  041001s2004||||xxu|||||s|||||000\|\eng\d
=040  \\ $a PGUSA $b eng
=042  \\ $a dc
=050  \4$aPS
=100  1\ $a Stowe, Charles Edward, $d 1850-1934
=245  10 $a Life of Harriet Beecher Stowe : $b $b Compiled From Her Letters and Journals by Her Son Charles Edward Stowe $h [electronic resource] / $c Charles Edward Stowe
=260  \\ $b Project Gutenberg, $c 2004
=506  \\ $a Public domain in the USA.
=516  \\ $a Text
=653  \\ $a Women abolitionists -- United States -- Biography
=653  \\ $a Stowe, Harriet Beecher, 1811-1896
=653  \\ $a Authors, American -- 19th century -- Biography
=830  \0 $a Project Gutenberg $v 6702
=856  40 $u http://www.gutenberg.org/ebooks/6702

