=LDR  00664nas  2200217uu 4500
=000  00568cam\a22001693a\4500
=001  6703
=003  PGUSA
=005  20161217030037.0
=008  041001s2004||||xxu|||||s|||||000\|\eng\d
=040  \\ $a PGUSA $b eng
=042  \\ $a dc
=050  \4$aTX
=100  1\ $a Shuman, Carrie V.
=245  10 $a Favorite Dishes : $b a Columbian Autograph Souvenir Cookery Book $h [electronic resource] / $c Carrie V. Shuman
=260  \\ $b Project Gutenberg, $c 2004
=506  \\ $a Public domain in the USA.
=516  \\ $a Text
=653  \\ $a Cooking, American
=830  \0 $a Project Gutenberg $v 6703
=856  40 $u http://www.gutenberg.org/ebooks/6703

