=LDR  00689nas  2200217uu 4500
=000  00568cam\a22001693a\4500
=001  6704
=003  PGUSA
=005  20161217030037.0
=008  041001s2004||||xxu|||||s|||||000\|\eng\d
=040  \\ $a PGUSA $b eng
=042  \\ $a dc
=050  \4$aHQ
=100  1\ $a Diaz, Abby Morton, $d 1821-1904
=245  12 $a A Domestic Problem : $b Work and Culture in the Household $h [electronic resource] / $c Abby Morton Diaz
=260  \\ $b Project Gutenberg, $c 2004
=506  \\ $a Public domain in the USA.
=516  \\ $a Text
=653  \\ $a Women -- Social and moral questions
=830  \0 $a Project Gutenberg $v 6704
=856  40 $u http://www.gutenberg.org/ebooks/6704

