=LDR  00807nas  2200241uu 4500
=000  00568cam\a22001693a\4500
=001  6705
=003  PGUSA
=005  20161217030037.0
=008  041001s2004||||xxu|||||s|||||000\|\eng\d
=040  \\ $a PGUSA $b eng
=042  \\ $a dc
=050  \4$aPR
=100  1\ $a Rossetti, Lucy Madox Brown, $d 1843-1894
=245  10 $a Mrs. Shelley $h [electronic resource] / $c Lucy Madox Brown Rossetti
=260  \\ $b Project Gutenberg, $c 2004
=506  \\ $a Public domain in the USA.
=516  \\ $a Text
=653  \\ $a Women and literature -- England -- History -- 19th century
=653  \\ $a Authors, English -- 19th century -- Biography
=653  \\ $a Shelley, Mary Wollstonecraft, 1797-1851
=830  \0 $a Project Gutenberg $v 6705
=856  40 $u http://www.gutenberg.org/ebooks/6705

