=LDR  00776nas  2200241uu 4500
=000  00568cam\a22001693a\4500
=001  6706
=003  PGUSA
=005  20161217030037.0
=008  041001s2004||||xxu|||||s|||||000\|\eng\d
=040  \\ $a PGUSA $b eng
=042  \\ $a dc
=050  \4$aF001
=100  1\ $a Adams, Brooks, $d 1848-1927
=245  14 $a The Emancipation of Massachusetts $h [electronic resource] / $c Brooks Adams
=260  \\ $b Project Gutenberg, $c 2004
=506  \\ $a Public domain in the USA.
=516  \\ $a Text
=653  \\ $a Massachusetts -- Church history
=653  \\ $a Puritans -- Massachusetts
=653  \\ $a Massachusetts -- History -- Colonial period, ca. 1600-1775
=830  \0 $a Project Gutenberg $v 6706
=856  40 $u http://www.gutenberg.org/ebooks/6706

