=LDR  00655nas  2200217uu 4500
=000  00568cam\a22001693a\4500
=001  6709
=003  PGUSA
=005  20161217030037.0
=008  041001s2004||||xxu|||||s|||||000\1\eng\d
=040  \\ $a PGUSA $b eng
=042  \\ $a dc
=050  \4$aPS
=100  1\ $a De Mille, James, $d 1833-1880
=245  12 $a A Strange Manuscript Found in a Copper Cylinder $h [electronic resource] / $c James De Mille
=260  \\ $b Project Gutenberg, $c 2004
=506  \\ $a Public domain in the USA.
=516  \\ $a Text
=653  \\ $a Science fiction
=830  \0 $a Project Gutenberg $v 6709
=856  40 $u http://www.gutenberg.org/ebooks/6709

