=LDR  00749nas  2200253uu 4500
=000  00568cam\a22001693a\4500
=001  6710
=003  PGUSA
=005  20161217030037.0
=008  041001s2004||||xxu|||||s|||||000\|\eng\d
=040  \\ $a PGUSA $b eng
=042  \\ $a dc
=050  \4$aQH
=100  1\ $a Haeckel, Ernst, $d 1834-1919
=245  14 $a The Evolution of Man — Volume 2 $h [electronic resource] / $c Ernst Haeckel
=260  \\ $b Project Gutenberg, $c 2004
=506  \\ $a Public domain in the USA.
=516  \\ $a Text
=653  \\ $a Human beings -- Origin
=653  \\ $a Embryology, Human
=653  \\ $a Anatomy, Comparative
=653  \\ $a Evolution
=830  \0 $a Project Gutenberg $v 6710
=856  40 $u http://www.gutenberg.org/ebooks/6710

