=LDR  00673nas  2200217uu 4500
=000  00568cam\a22001693a\4500
=001  6711
=003  PGUSA
=005  20161217030037.0
=008  041001s2004||||xxu|||||s|||||000\|\eng\d
=040  \\ $a PGUSA $b eng
=042  \\ $a dc
=050  \4$aHX
=100  1\ $a House, Edward Mandell, $d 1858-1938
=245  10 $a Philip Dru : $b Administrator; A Story of Tomorrow, 1920-1935 $h [electronic resource] / $c Edward Mandell House
=260  \\ $b Project Gutenberg, $c 2004
=506  \\ $a Public domain in the USA.
=516  \\ $a Text
=653  \\ $a Utopias
=830  \0 $a Project Gutenberg $v 6711
=856  40 $u http://www.gutenberg.org/ebooks/6711

