=LDR  00833nas  2200229uu 4500
=000  00568cam\a22001693a\4500
=001  6712
=003  PGUSA
=005  20161217030037.0
=008  041001s2004||||xxu|||||s|||||000\1\dut\d
=040  \\ $a PGUSA $b dut
=042  \\ $a dc
=050  \4$aPT
=100  1\ $a Brouwer, P. A. S. van Limburg $q (Petrus Abraham Samuel van Limburg), $d 1829-1873
=245  10 $a Akbar : $b een oosterse roman $h [electronic resource] / $c P. A. S. van Limburg Brouwer
=260  \\ $b Project Gutenberg, $c 2004
=506  \\ $a Public domain in the USA.
=516  \\ $a Text
=653  \\ $a Akbar, Emperor of Hindustan, 1542-1605 -- Fiction
=653  \\ $a Brouwer, P. A. S. van Limburg (Petrus Abraham Samuel van Limburg), 1829-1873
=830  \0 $a Project Gutenberg $v 6712
=856  40 $u http://www.gutenberg.org/ebooks/6712

