=LDR  00854nas  2200253uu 4500
=000  00568cam\a22001693a\4500
=001  6713
=003  PGUSA
=005  20161217030037.0
=008  041001s2004||||xxu|||||s|||||000\|\eng\d
=040  \\ $a PGUSA $b eng
=042  \\ $a dc
=050  \4$aBV
=100  1\ $a Lowe, Clara M. S.
=245  10 $a God's Answers : $b $b A Record of Miss Annie Macpherson's Work at the Home of Industry, Spitalfields, London, and in Canada $h [electronic resource] / $c Clara M. S. Lowe
=260  \\ $b Project Gutenberg, $c 2004
=506  \\ $a Public domain in the USA.
=516  \\ $a Text
=653  \\ $a Church work with children
=653  \\ $a Macpherson, Annie
=653  \\ $a Canada -- Emigration and immigration
=653  \\ $a Home missions
=830  \0 $a Project Gutenberg $v 6713
=856  40 $u http://www.gutenberg.org/ebooks/6713

