=LDR  00678nas  2200217uu 4500
=000  00568cam\a22001693a\4500
=001  6715
=003  PGUSA
=005  20161217030037.0
=008  041001s2004||||xxu|||||s|||||000\1\eng\d
=040  \\ $a PGUSA $b eng
=042  \\ $a dc
=050  \4$aPS
=100  1\ $a Curwood, James Oliver, $d 1878-1927
=245  10 $a Isobel : $b A Romance of the Northern Trail $h [electronic resource] / $c James Oliver Curwood
=260  \\ $b Project Gutenberg, $c 2004
=506  \\ $a Public domain in the USA.
=516  \\ $a Text
=653  \\ $a Northwest, Canadian -- Fiction
=830  \0 $a Project Gutenberg $v 6715
=856  40 $u http://www.gutenberg.org/ebooks/6715

