=LDR  00762nas  2200241uu 4500
=000  00568cam\a22001693a\4500
=001  6716
=003  PGUSA
=005  20161217030037.0
=008  041001s2004||||xxu|||||s|||||000\|\eng\d
=040  \\ $a PGUSA $b eng
=042  \\ $a dc
=050  \4$aHG
=100  1\ $a Brooks, George W., $d 1863-
=245  14 $a The Spirit of 1906 $h [electronic resource] / $c George W. Brooks
=260  \\ $b Project Gutenberg, $c 2004
=506  \\ $a Public domain in the USA.
=516  \\ $a Text
=653  \\ $a Earthquakes -- California -- San Francisco
=653  \\ $a Insurance, Earthquake
=653  \\ $a Insurance, Disaster -- California -- San Francisco
=830  \0 $a Project Gutenberg $v 6716
=856  40 $u http://www.gutenberg.org/ebooks/6716

