=LDR  00753nas  2200241uu 4500
=000  00568cam\a22001693a\4500
=001  6717
=003  PGUSA
=005  20161217030037.0
=008  041001s2004||||xxu|||||s|||||000\1\eng\d
=040  \\ $a PGUSA $b eng
=042  \\ $a dc
=050  \4$aPZ
=100  1\ $a Rockwood, Roy
=245  10 $a Through Space to Mars; Or, the Longest Journey on Record $h [electronic resource] / $c Roy Rockwood
=260  \\ $b Project Gutenberg, $c 2004
=500  \\ $a Great Marvel Series: Volume 4
=506  \\ $a Public domain in the USA.
=516  \\ $a Text
=653  \\ $a Science fiction
=653  \\ $a Space flight to Mars -- Juvenile fiction
=830  \0 $a Project Gutenberg $v 6717
=856  40 $u http://www.gutenberg.org/ebooks/6717

