=LDR  00879nas  2200277uu 4500
=000  00568cam\a22001693a\4500
=001  6718
=003  PGUSA
=005  20161217030037.0
=008  060606s2006||||xxu|||||s|||||000\1\eng\d
=040  \\ $a PGUSA $b eng
=042  \\ $a dc
=050  \4$aPS
=100  1\ $a Lincoln, Joseph Crosby, $d 1870-1944
=245  10 $a Cap'n Dan's Daughter $h [electronic resource] / $c Joseph Crosby Lincoln
=260  \\ $b Project Gutenberg, $c 2006
=506  \\ $a Public domain in the USA.
=516  \\ $a Text
=653  \\ $a Young women -- Fiction
=653  \\ $a Social classes -- Fiction
=653  \\ $a Married people -- Fiction
=653  \\ $a Massachusetts -- Fiction
=653  \\ $a Inheritance and succession -- Fiction
=653  \\ $a Ship captains -- Fiction
=830  \0 $a Project Gutenberg $v 6718
=856  40 $u http://www.gutenberg.org/ebooks/6718

