=LDR  00725nas  2200229uu 4500
=000  00568cam\a22001693a\4500
=001  6719
=003  PGUSA
=005  20161217030037.0
=008  041001s2004||||xxu|||||s|||||000\1\eng\d
=040  \\ $a PGUSA $b eng
=042  \\ $a dc
=050  \4$aPS
=100  1\ $a Roe, Edward Payson, $d 1838-1888
=245  14 $a The Earth Trembled $h [electronic resource] / $c Edward Payson Roe
=260  \\ $b Project Gutenberg, $c 2004
=506  \\ $a Public domain in the USA.
=516  \\ $a Text
=653  \\ $a Charleston Earthquake, S.C., 1886 -- Fiction
=653  \\ $a South Carolina -- History -- 1865- -- Fiction
=830  \0 $a Project Gutenberg $v 6719
=856  40 $u http://www.gutenberg.org/ebooks/6719

