=LDR  00702nas  2200229uu 4500
=000  00568cam\a22001693a\4500
=001  6720
=003  PGUSA
=005  20161217030037.0
=008  041001s2004||||xxu|||||s|||||000\|\eng\d
=040  \\ $a PGUSA $b eng
=042  \\ $a dc
=050  \4$aBX
=100  1\ $a Smith, Joseph, $c Jr, $d 1805-1844
=245  14 $a The Wentworth Letter $h [electronic resource] / $c Joseph, Smith
=260  \\ $b Project Gutenberg, $c 2004
=506  \\ $a Public domain in the USA.
=516  \\ $a Text
=653  \\ $a Mormon Church -- Doctrines
=653  \\ $a Mormon Church -- History -- 19th century
=830  \0 $a Project Gutenberg $v 6720
=856  40 $u http://www.gutenberg.org/ebooks/6720

