=LDR  00995nas  2200289uu 4500
=000  00568cam\a22001693a\4500
=001  6721
=003  PGUSA
=005  20161217030037.0
=008  060107s2006||||xxu|||||s|||||000\|\eng\d
=040  \\ $a PGUSA $b eng
=042  \\ $a dc
=050  \4$aG
=100  1\ $a Turley, Charles, $d 1868-1940
=245  14 $a The Voyages of Captain Scott : $b Retold from the Voyage of the Discovery and Scott's Last Expedition $h [electronic resource] / $c Charles Turley
=260  \\ $b Project Gutenberg, $c 2006
=506  \\ $a Public domain in the USA.
=516  \\ $a Text
=653  \\ $a South Pole
=653  \\ $a Antarctica
=653  \\ $a British National Antarctic Expedition (1901-1904)
=653  \\ $a British Antarctic ("Terra Nova") Expedition (1910-1913)
=653  \\ $a Scott, Robert Falcon, 1868-1912
=653  \\ $a Terra Nova (Ship)
=653  \\ $a Discovery (Ship)
=830  \0 $a Project Gutenberg $v 6721
=856  40 $u http://www.gutenberg.org/ebooks/6721

