=LDR  00845nas  2200253uu 4500
=000  00568cam\a22001693a\4500
=001  6722
=003  PGUSA
=005  20161217030037.0
=008  041001s2004||||xxu|||||s|||||000\1\eng\d
=040  \\ $a PGUSA $b eng
=042  \\ $a dc
=050  \4$aPG
=100  1\ $a Andreyev, Leonid, $d 1871-1919
=240  10 $a Razskaz o semi povieshennykh. $l English
=245  14 $a The Seven Who Were Hanged $h [electronic resource] / $c Leonid Andreyev
=260  \\ $b Project Gutenberg, $c 2004
=500  \\ $a Translation of: Rasskaz o semi poveshennykh
=506  \\ $a Public domain in the USA.
=516  \\ $a Text
=653  \\ $a Executions and executioners -- Russia -- Fiction
=740  0\ $a Razskaz o semi povieshennykh. English
=830  \0 $a Project Gutenberg $v 6722
=856  40 $u http://www.gutenberg.org/ebooks/6722

