=LDR  01205nas  2200229uu 4500
=000  00568cam\a22001693a\4500
=001  6724
=003  PGUSA
=005  20161217030037.0
=008  041001s2004||||xxu|||||s|||||000\|\ger\d
=040  \\ $a PGUSA $b ger
=042  \\ $a dc
=050  \4$aPT
=100  1\ $a Arndt, Ernst Moritz, $d 1769-1860
=245  10 $a Kater Martinchen $h [electronic resource] / $c Ernst Moritz Arndt
=260  \\ $b Project Gutenberg, $c 2004
=505  0\ $a Geschichte von den sieben bunten Mäusen -- Prinzessin Svanvithe -- Der Riese Balderich -- Die Unterirdischen in den Neun Bergen bei Rambin -- Abenteuer des Johann Dietrich -- Das Silberglöckchen -- Der gläserne Schuh -- Der Alte von Granitz -- Der Falscheid -- Rattenkönig Birlibi -- Das brennende Geld -- Kater Martinchen -- Thrin Wulfen -- De Kröger van Poseritz -- De Brügg bi Slemmin -- Schipper Gau un sin Puk -- De witte Fru to Löbnitz -- De Prester un de Düwel -- De Wewer un de Steen -- Die alte Burg bei Löbnitz -- Der Rabenstein
=506  \\ $a Public domain in the USA.
=516  \\ $a Text
=653  \\ $a Fairy tales -- Germany
=830  \0 $a Project Gutenberg $v 6724
=856  40 $u http://www.gutenberg.org/ebooks/6724

