=LDR  00683nas  2200217uu 4500
=000  00568cam\a22001693a\4500
=001  6727
=003  PGUSA
=005  20161217030037.0
=008  041001s2004||||xxu|||||s|||||000\|\eng\d
=040  \\ $a PGUSA $b eng
=042  \\ $a dc
=050  \4$aDA
=100  1\ $a Innes, Arthur D. $q (Arthur Donald), $d 1863-1938
=245  10 $a England under the Tudors $h [electronic resource] / $c Arthur D. Innes
=260  \\ $b Project Gutenberg, $c 2004
=506  \\ $a Public domain in the USA.
=516  \\ $a Text
=653  \\ $a Great Britain -- History -- Tudors, 1485-1603
=830  \0 $a Project Gutenberg $v 6727
=856  40 $u http://www.gutenberg.org/ebooks/6727

