=LDR  00768nas  2200229uu 4500
=000  00568cam\a22001693a\4500
=001  6728
=003  PGUSA
=005  20161217030037.0
=008  041001s2004||||xxu|||||s|||||000\|\ger\d
=040  \\ $a PGUSA $b ger
=042  \\ $a dc
=050  \4$aB
=100  1\ $a Hegel, Georg Wilhelm Friedrich, $d 1770-1831
=245  10 $a Rede zum Schuljahresabschluß am 29. September 1809 $h [electronic resource] / $c Georg Wilhelm Friedrich Hegel
=260  \\ $b Project Gutenberg, $c 2004
=506  \\ $a Public domain in the USA.
=516  \\ $a Text
=653  \\ $a Speeches, addresses, etc.
=740  0\ $a Rede zum Schuljahresabschluss am 29. September 1809
=830  \0 $a Project Gutenberg $v 6728
=856  40 $u http://www.gutenberg.org/ebooks/6728

