=LDR  00661nas  2200217uu 4500
=000  00568cam\a22001693a\4500
=001  6730
=003  PGUSA
=005  20161217030037.0
=008  041001s2004||||xxu|||||s|||||000\e\eng\d
=040  \\ $a PGUSA $b eng
=042  \\ $a dc
=050  \4$aPS
=100  1\ $a Tinsley, Henry C., $d 1834-1902
=245  10 $a Observations of a Retired Veteran $h [electronic resource] / $c Henry C. Tinsley
=260  \\ $b Project Gutenberg, $c 2004
=506  \\ $a Public domain in the USA.
=516  \\ $a Text
=653  \\ $a American essays -- 19th century
=830  \0 $a Project Gutenberg $v 6730
=856  40 $u http://www.gutenberg.org/ebooks/6730

