=LDR  00663nas  2200217uu 4500
=000  00568cam\a22001693a\4500
=001  6731
=003  PGUSA
=005  20161217030037.0
=008  041001s2004||||xxu|||||s|||||000\|\eng\d
=040  \\ $a PGUSA $b eng
=042  \\ $a dc
=050  \4$aPR
=100  1\ $a Sheridan, Richard Brinsley, $d 1751-1816
=245  14 $a The Duenna : $b A Comic Opera $h [electronic resource] / $c Richard Brinsley Sheridan
=260  \\ $b Project Gutenberg, $c 2004
=506  \\ $a Public domain in the USA.
=516  \\ $a Text
=653  \\ $a Operas -- Librettos
=830  \0 $a Project Gutenberg $v 6731
=856  40 $u http://www.gutenberg.org/ebooks/6731

