=LDR  00733nas  2200229uu 4500
=000  00568cam\a22001693a\4500
=001  6732
=003  PGUSA
=005  20161217030037.0
=008  041001s2004||||xxu|||||s|||||000\|\eng\d
=040  \\ $a PGUSA $b eng
=042  \\ $a dc
=050  \4$aF1001
=100  1\ $a Hall, M. G. C. $q (Mary Georgina Caroline)
=245  12 $a A Lady's Life on a Farm in Manitoba $h [electronic resource] / $c M. G. C. Hall
=260  \\ $b Project Gutenberg, $c 2004
=506  \\ $a Public domain in the USA.
=516  \\ $a Text
=653  \\ $a Manitoba -- Description and travel
=653  \\ $a Frontier and pioneer life -- Manitoba
=830  \0 $a Project Gutenberg $v 6732
=856  40 $u http://www.gutenberg.org/ebooks/6732

