=LDR  01060nas  2200289uu 4500
=000  00568cam\a22001693a\4500
=001  6733
=003  PGUSA
=005  20161217030037.0
=008  041001s2004||||xxu|||||s|||||000\|\eng\d
=040  \\ $a PGUSA $b eng
=042  \\ $a dc
=050  \4$aBX
=100  1\ $a Vincent de Paul, Father, $d 1768-1853
=245  10 $a Memoir of Father Vincent de Paul; religious of La Trappe $h [electronic resource] / $c Father Vincent de Paul
=260  \\ $b Project Gutenberg, $c 2004
=506  \\ $a Public domain in the USA.
=516  \\ $a Text
=653  \\ $a Indians of North America -- Nova Scotia
=653  \\ $a Missionaries -- Nova Scotia -- Biography
=653  \\ $a Trappists -- Nova Scotia -- History -- 19th century
=653  \\ $a Nova Scotia -- History
=653  \\ $a Vincent de Paul, Father, 1768-1853
=653  \\ $a Trappists -- United States -- History -- 19th century
=653  \\ $a Catholic Church -- Missions -- Nova Scotia
=830  \0 $a Project Gutenberg $v 6733
=856  40 $u http://www.gutenberg.org/ebooks/6733

