=LDR  00689nas  2200217uu 4500
=000  00568cam\a22001693a\4500
=001  6735
=003  PGUSA
=005  20161217030037.0
=008  041001s2004||||xxu|||||s|||||000\|\eng\d
=040  \\ $a PGUSA $b eng
=042  \\ $a dc
=050  \4$aF1001
=100  1\ $a Chase, Eliza B. $q (Eliza Brown)
=245  10 $a Over the Border : $b Acadia, the Home of "Evangeline" $h [electronic resource] / $c Eliza B. Chase
=260  \\ $b Project Gutenberg, $c 2004
=506  \\ $a Public domain in the USA.
=516  \\ $a Text
=653  \\ $a Nova Scotia -- Description and travel
=830  \0 $a Project Gutenberg $v 6735
=856  40 $u http://www.gutenberg.org/ebooks/6735

