=LDR  00743nas  2200229uu 4500
=000  00568cam\a22001693a\4500
=001  6736
=003  PGUSA
=005  20161217030037.0
=008  041001s2004||||xxu|||||s|||||000\|\ger\d
=040  \\ $a PGUSA $b ger
=042  \\ $a dc
=050  \4$aPR
=100  1\ $a Fischer, Kuno, $d 1824-1907
=245  10 $a Shakespeare und die Bacon-Mythen $h [electronic resource] / $c Kuno Fischer
=260  \\ $b Project Gutenberg, $c 2004
=506  \\ $a Public domain in the USA.
=516  \\ $a Text
=653  \\ $a Shakespeare, William, 1564-1616 -- Authorship -- Baconian theory
=653  \\ $a Bacon, Francis, 1561-1626 -- Authorship
=830  \0 $a Project Gutenberg $v 6736
=856  40 $u http://www.gutenberg.org/ebooks/6736

