=LDR  00849nas  2200253uu 4500
=000  00568cam\a22001693a\4500
=001  6737
=003  PGUSA
=005  20161217030037.0
=008  041001s2004||||xxu|||||s|||||000\1\eng\d
=040  \\ $a PGUSA $b eng
=042  \\ $a dc
=050  \4$aPQ
=100  1\ $a Derbyshire, Charles E., $d 1861-1896
=240  10 $a Noli me tángere. $l English
=245  14 $a The Social Cancer : $b A Complete English Version of Noli Me Tangere $h [electronic resource] / $c Charles E. Derbyshire
=260  \\ $b Project Gutenberg, $c 2004
=506  \\ $a Public domain in the USA.
=516  \\ $a Text
=653  \\ $a Philippines -- History -- 1812-1898 -- Fiction
=653  \\ $a Historical fiction
=740  0\ $a Noli me tángere. English
=830  \0 $a Project Gutenberg $v 6737
=856  40 $u http://www.gutenberg.org/ebooks/6737

