=LDR  00743nas  2200241uu 4500
=000  00568cam\a22001693a\4500
=001  6739
=003  PGUSA
=005  20161217030037.0
=008  041001s2004||||xxu|||||s|||||000\1\fre\d
=040  \\ $a PGUSA $b fre
=042  \\ $a dc
=050  \4$aPQ
=100  1\ $a Gide, André, $d 1869-1951
=245  14 $a Les Caves du Vatican $h [electronic resource] / $c André Gide
=260  \\ $b Project Gutenberg, $c 2004
=506  \\ $a Public domain in the USA.
=516  \\ $a Text
=653  \\ $a Wluiki, Lafcadio (Fictitious character) -- Fiction
=653  \\ $a Rome (Italy) -- Fiction
=653  \\ $a Paris (France) -- Fiction
=830  \0 $a Project Gutenberg $v 6739
=856  40 $u http://www.gutenberg.org/ebooks/6739

