=LDR  00968nas  2200265uu 4500
=000  00568cam\a22001693a\4500
=001  6741
=003  PGUSA
=005  20161217030037.0
=008  041001s2004||||xxu|||||s|||||000\|\eng\d
=040  \\ $a PGUSA $b eng
=042  \\ $a dc
=050  \4$aPR
=100  1\ $a Moore, Thomas, $d 1779-1852
=245  10 $a Memoirs of the Life of the Rt. Hon. Richard Brinsley Sheridan — Volume 01 $h [electronic resource] / $c Thomas Moore
=260  \\ $b Project Gutenberg, $c 2004
=506  \\ $a Public domain in the USA.
=516  \\ $a Text
=653  \\ $a Dramatists, English -- 18th century -- Biography
=653  \\ $a Legislators -- Great Britain -- Biography
=653  \\ $a Great Britain -- Politics and government -- 1760-1820
=653  \\ $a Sheridan, Richard Brinsley, 1751-1816
=653  \\ $a Theatrical managers -- Great Britain -- Biography
=830  \0 $a Project Gutenberg $v 6741
=856  40 $u http://www.gutenberg.org/ebooks/6741

