=LDR  00660nas  2200217uu 4500
=000  00568cam\a22001693a\4500
=001  6743
=003  PGUSA
=005  20161217030037.0
=008  041001s2004||||xxu|||||s|||||000\1\eng\d
=040  \\ $a PGUSA $b eng
=042  \\ $a dc
=050  \4$aPS
=100  1\ $a Smith, Francis Hopkinson, $d 1838-1915
=245  10 $a Colonel Carter of Cartersville $h [electronic resource] / $c Francis Hopkinson Smith
=260  \\ $b Project Gutenberg, $c 2004
=506  \\ $a Public domain in the USA.
=516  \\ $a Text
=653  \\ $a Virginia -- Fiction
=830  \0 $a Project Gutenberg $v 6743
=856  40 $u http://www.gutenberg.org/ebooks/6743

