=LDR  00670nas  2200217uu 4500
=000  00568cam\a22001693a\4500
=001  6744
=003  PGUSA
=005  20161217030037.0
=008  041001s2004||||xxu|||||s|||||000\|\eng\d
=040  \\ $a PGUSA $b eng
=042  \\ $a dc
=050  \4$aBX
=100  1\ $a Melanchthon, Philipp, $d 1497-1560
=245  14 $a The Apology of the Augsburg Confession $h [electronic resource] / $c Philipp Melanchthon
=260  \\ $b Project Gutenberg, $c 2004
=506  \\ $a Public domain in the USA.
=516  \\ $a Text
=653  \\ $a Lutheran Church -- Catechisms
=830  \0 $a Project Gutenberg $v 6744
=856  40 $u http://www.gutenberg.org/ebooks/6744

