=LDR  01513nas  2200229uu 4500
=000  00568cam\a22001693a\4500
=001  6746
=003  PGUSA
=005  20161217030037.0
=008  041001s2004||||xxu|||||s|||||000\|\eng\d
=040  \\ $a PGUSA $b eng
=042  \\ $a dc
=050  \4$aPZ
=245  14 $a The Grey Fairy Book $h [electronic resource]
=260  \\ $b Project Gutenberg, $c 2004
=505  0\ $a Donkey Skin -- The Goblin Pony -- An Impossible Enchantment -- The Story of Dschemil and Dachemila -- Janni and the Draken -- The Partnership of the Thief and the Liar -- Fortunatus and his Purse -- The Goat-faced Girl -- What came of picking Flowers -- The Story of Bensurdatu -- The Magician's Horse -- The Little Gray Man -- Herr Lazarus and the Draken -- The Story of the Queen of the Flowery Isles -- Udea and her Seven Brothers -- The White Wolf -- Mohammed with the Magic Finger -- Bobino -- The Dog and the Sparrow -- The Story of the Three Sons of Hali -- The Story of the Fair Circassians -- The Jackal and the Spring The Bear -- The Sunchild The Daughter of Buk Ettemsuch -- Laughing Eye and Weeping Eye, or the Limping Fox -- The Unlooked for Prince -- The Simpleton -- The Street Musicians -- The Twin Brothers -- Cannetella -- The Ogre -- A Fairy's Blunder -- Long, Broad, and Quickeye -- Prunella.
=506  \\ $a Public domain in the USA.
=516  \\ $a Text
=653  \\ $a Folklore
=653  \\ $a Fairy tales
=830  \0 $a Project Gutenberg $v 6746
=856  40 $u http://www.gutenberg.org/ebooks/6746

