=LDR  00784nas  2200241uu 4500
=000  00568cam\a22001693a\4500
=001  6748
=003  PGUSA
=005  20161217030037.0
=008  050616s2005||||xxu|||||s|||||000\1\dut\d
=040  \\ $a PGUSA $b dut
=042  \\ $a dc
=050  \4$aPT
=050  \4$aPZ
=100  1\ $a Kieviet, Cornelis Johannes, $d 1858-1931
=245  10 $a Fulco de Minstreel : $b Een historisch verhaal uit den tijd van Graaf Jan I voor jongelieden $h [electronic resource] / $c Cornelis Johannes Kieviet
=260  \\ $b Project Gutenberg, $c 2005
=506  \\ $a Public domain in the USA.
=516  \\ $a Text
=653  \\ $a Children's literature
=653  \\ $a Historical fiction
=830  \0 $a Project Gutenberg $v 6748
=856  40 $u http://www.gutenberg.org/ebooks/6748

