=LDR  00807nas  2200241uu 4500
=000  00568cam\a22001693a\4500
=001  6749
=003  PGUSA
=005  20161217030037.0
=008  041001s2004||||xxu|||||s|||||000\|\eng\d
=040  \\ $a PGUSA $b eng
=042  \\ $a dc
=050  \4$aF1001
=100  1\ $a Champlain, Samuel de, $d 1574-1635
=245  10 $a Voyages of Samuel De Champlain — Volume 02 $h [electronic resource] / $c Samuel de Champlain
=260  \\ $b Project Gutenberg, $c 2004
=506  \\ $a Public domain in the USA.
=516  \\ $a Text
=653  \\ $a New France -- Discovery and exploration
=653  \\ $a Indians of North America -- Canada
=653  \\ $a America -- Discovery and exploration -- French
=830  \0 $a Project Gutenberg $v 6749
=856  40 $u http://www.gutenberg.org/ebooks/6749

