=LDR  00672nas  2200217uu 4500
=000  00568cam\a22001693a\4500
=001  6750
=003  PGUSA
=005  20161217030037.0
=008  041001s2004||||xxu|||||s|||||000\|\eng\d
=040  \\ $a PGUSA $b eng
=042  \\ $a dc
=050  \4$aDU
=100  1\ $a Bird, Isabella L. $q (Isabella Lucy), $d 1831-1904
=245  14 $a The Hawaiian Archipelago $h [electronic resource] / $c Isabella L. Bird
=260  \\ $b Project Gutenberg, $c 2004
=506  \\ $a Public domain in the USA.
=516  \\ $a Text
=653  \\ $a Hawaii -- Description and travel
=830  \0 $a Project Gutenberg $v 6750
=856  40 $u http://www.gutenberg.org/ebooks/6750

