=LDR  00627nas  2200217uu 4500
=000  00568cam\a22001693a\4500
=001  6751
=003  PGUSA
=005  20161217030037.0
=008  041001s2004||||xxu|||||s|||||000\1\eng\d
=040  \\ $a PGUSA $b eng
=042  \\ $a dc
=050  \4$aPR
=100  1\ $a Mundy, Talbot, $d 1879-1940
=245  14 $a The Winds of the World $h [electronic resource] / $c Talbot Mundy
=260  \\ $b Project Gutenberg, $c 2004
=506  \\ $a Public domain in the USA.
=516  \\ $a Text
=653  \\ $a India -- Fiction
=830  \0 $a Project Gutenberg $v 6751
=856  40 $u http://www.gutenberg.org/ebooks/6751

