=LDR  00829nas  2200241uu 4500
=000  00568cam\a22001693a\4500
=001  6752
=003  PGUSA
=005  20161217030037.0
=008  041001s2004||||xxu|||||s|||||000\|\eng\d
=040  \\ $a PGUSA $b eng
=042  \\ $a dc
=050  \4$aRM
=245  10 $a Study and Stimulants : $b $b Or, the Use of Intoxicants and Narcotics in Relation to Intellectual Life, as Illustrated by Personal Communications on the Subject, from Men of Letters and of Science $h [electronic resource]
=260  \\ $b Project Gutenberg, $c 2004
=506  \\ $a Public domain in the USA.
=516  \\ $a Text
=653  \\ $a Stimulants
=653  \\ $a Narcotics
=653  \\ $a Alcoholism
=653  \\ $a Alcoholic Intoxication
=830  \0 $a Project Gutenberg $v 6752
=856  40 $u http://www.gutenberg.org/ebooks/6752

