=LDR  00742nas  2200241uu 4500
=000  00568cam\a22001693a\4500
=001  6754
=003  PGUSA
=005  20161217030037.0
=008  041001s2004||||xxu|||||s|||||000\1\eng\d
=040  \\ $a PGUSA $b eng
=042  \\ $a dc
=050  \4$aPZ
=100  1\ $a Bailey, Arthur Scott, $d 1877-1949
=245  14 $a The Tale of Brownie Beaver $h [electronic resource] / $c Arthur Scott Bailey
=260  \\ $b Project Gutenberg, $c 2004
=506  \\ $a Public domain in the USA.
=516  \\ $a Text
=653  \\ $a Beavers -- Juvenile fiction
=653  \\ $a Animals -- Juvenile fiction
=653  \\ $a Children's literature
=830  \0 $a Project Gutenberg $v 6754
=856  40 $u http://www.gutenberg.org/ebooks/6754

