=LDR  00720nas  2200241uu 4500
=000  00568cam\a22001693a\4500
=001  6755
=003  PGUSA
=005  20161217030037.0
=008  041001s2004||||xxu|||||s|||||000\|\eng\d
=040  \\ $a PGUSA $b eng
=042  \\ $a dc
=050  \4$aF1001
=050  \4$aPR
=100  1\ $a Cockburn, James Seton
=245  10 $a Canada for Gentlemen $h [electronic resource] / $c James Seton Cockburn
=260  \\ $b Project Gutenberg, $c 2004
=506  \\ $a Public domain in the USA.
=516  \\ $a Text
=653  \\ $a Canada -- Description and travel
=653  \\ $a Canada -- Emigration and immigration
=830  \0 $a Project Gutenberg $v 6755
=856  40 $u http://www.gutenberg.org/ebooks/6755

