=LDR  01176nas  2200301uu 4500
=000  00568cam\a22001693a\4500
=001  6756
=003  PGUSA
=005  20161217030037.0
=008  041001s2004||||xxu|||||s|||||000\|\eng\d
=040  \\ $a PGUSA $b eng
=042  \\ $a dc
=050  \4$aDA
=100  1\ $a Paston, George, $d 1860-1936
=245  10 $a Little Memoirs of the Nineteenth Century $h [electronic resource] / $c George Paston
=260  \\ $b Project Gutenberg, $c 2004
=505  0\ $a Benjamin Robert Haydon -- Lady Morgan (Sydney Owenson) -- Nathaniel Parker Willis -- Lady Hester Stanhope -- Prince Pückler-Muskau in England -- William and Mary Howitt.
=506  \\ $a Public domain in the USA.
=516  \\ $a Text
=653  \\ $a Howitt, William, 1792-1879
=653  \\ $a Haydon, Benjamin Robert, 1786-1846
=653  \\ $a Pückler-Muskau, Hermann, Fürst von, 1785-1871
=653  \\ $a Stanhope, Hester Lucy, Lady, 1776-1839
=653  \\ $a Howitt, Mary Botham, 1799-1888
=653  \\ $a Willis, Nathaniel Parker, 1806-1867
=653  \\ $a Morgan, Lady (Sydney), 1783-1859
=830  \0 $a Project Gutenberg $v 6756
=856  40 $u http://www.gutenberg.org/ebooks/6756

