=LDR  01133nas  2200301uu 4500
=000  00568cam\a22001693a\4500
=001  6757
=003  PGUSA
=005  20161217030037.0
=008  041001s2004||||xxu|||||s|||||000\1\eng\d
=040  \\ $a PGUSA $b eng
=042  \\ $a dc
=050  \4$aPZ
=050  \4$aPR
=100  1\ $a Bunbury, Selina, $d 1802-1882
=245  10 $a Fanny, the Flower-Girl; or, Honesty Rewarded. To Which are Added Other Tales $h [electronic resource] / $c Selina Bunbury
=260  \\ $b Project Gutenberg, $c 2004
=505  0\ $a Fanny, the flower-girl -- Convenient food -- The little pavior -- The silver knife -- The modern Dorcas -- The tract found by the way-side.
=506  \\ $a Public domain in the USA.
=516  \\ $a Text
=653  \\ $a Christian fiction, English -- 19th century
=653  \\ $a Honesty -- Juvenile fiction
=653  \\ $a Faith -- Juvenile fiction
=653  \\ $a Orphans -- Juvenile fiction
=653  \\ $a Christian literature for children
=653  \\ $a Children -- Conduct of life -- Fiction
=830  \0 $a Project Gutenberg $v 6757
=856  40 $u http://www.gutenberg.org/ebooks/6757

