=LDR  00864nas  2200277uu 4500
=000  00568cam\a22001693a\4500
=001  6758
=003  PGUSA
=005  20161217030037.0
=008  040909s2004||||xxu|||||s|||||000\1\eng\d
=040  \\ $a PGUSA $b eng
=042  \\ $a dc
=050  \4$aPR
=100  1\ $a Smollett, T. $q (Tobias), $d 1721-1771
=245  14 $a The Adventures of Sir Launcelot Greaves $h [electronic resource] / $c T. Smollett
=260  \\ $b Project Gutenberg, $c 2004
=506  \\ $a Public domain in the USA.
=516  \\ $a Text
=653  \\ $a Knights and knighthood -- Fiction
=653  \\ $a Adventure stories
=653  \\ $a Mentally ill -- Fiction
=653  \\ $a Satire
=653  \\ $a Quests (Expeditions) -- Fiction
=653  \\ $a Psychological fiction
=830  \0 $a Project Gutenberg $v 6758
=856  40 $u http://www.gutenberg.org/ebooks/6758

