=LDR  00720nas  2200229uu 4500
=000  00568cam\a22001693a\4500
=001  6760
=003  PGUSA
=005  20161217030037.0
=008  041001s2004||||xxu|||||s|||||000\1\eng\d
=040  \\ $a PGUSA $b eng
=042  \\ $a dc
=050  \4$aPR
=100  1\ $a Smollett, T. $q (Tobias), $d 1721-1771
=245  14 $a The Adventures of Ferdinand Count Fathom — Volume 02 $h [electronic resource] / $c T. Smollett
=260  \\ $b Project Gutenberg, $c 2004
=506  \\ $a Public domain in the USA.
=516  \\ $a Text
=653  \\ $a Gothic fiction (Literary genre)
=653  \\ $a Adventure stories
=830  \0 $a Project Gutenberg $v 6760
=856  40 $u http://www.gutenberg.org/ebooks/6760

