=LDR  00679nas  2200229uu 4500
=000  00568cam\a22001693a\4500
=001  6762
=003  PGUSA
=005  20161217030037.0
=008  041001s2004||||xxu|||||s|||||000\|\eng\d
=040  \\ $a PGUSA $b eng
=042  \\ $a dc
=050  \4$aPA
=050  \4$aJC
=100  1\ $a Aristotle, $d -384--322
=245  10 $a Politics : $b A Treatise on Government $h [electronic resource] / $c Aristotle
=260  \\ $b Project Gutenberg, $c 2004
=506  \\ $a Public domain in the USA.
=516  \\ $a Text
=653  \\ $a Political science -- Early works to 1800
=830  \0 $a Project Gutenberg $v 6762
=856  40 $u http://www.gutenberg.org/ebooks/6762

