=LDR  00830nas  2200265uu 4500
=000  00568cam\a22001693a\4500
=001  6763
=003  PGUSA
=005  20161217030037.0
=008  041001s2004||||xxu|||||s|||||000\p\eng\d
=040  \\ $a PGUSA $b eng
=042  \\ $a dc
=050  \4$aPN
=100  1\ $a Bywater, Ingram, $d 1840-1914
=240  10 $a Poetics. $l English
=245  10 $a Aristotle on the art of poetry $h [electronic resource] / $c Ingram Bywater
=260  \\ $b Project Gutenberg, $c 2004
=506  \\ $a Public domain in the USA.
=516  \\ $a Text
=653  \\ $a Music -- Philosophy and aesthetics
=653  \\ $a Aesthetics -- Early works to 1800
=653  \\ $a Poetry -- Early works to 1800
=740  0\ $a Poetics. English
=830  \0 $a Project Gutenberg $v 6763
=856  40 $u http://www.gutenberg.org/ebooks/6763

