=LDR  01313nas  2200313uu 4500
=000  00568cam\a22001693a\4500
=001  6764
=003  PGUSA
=005  20161217030037.0
=008  041001s2004||||xxu|||||s|||||000\|\eng\d
=040  \\ $a PGUSA $b eng
=042  \\ $a dc
=050  \4$aE456
=100  1\ $a Higginson, Thomas Wentworth, $d 1823-1911
=245  10 $a Army Life in a Black Regiment $h [electronic resource] / $c Thomas Wentworth Higginson
=260  \\ $b Project Gutenberg, $c 2004
=506  \\ $a Public domain in the USA.
=516  \\ $a Text
=653  \\ $a United States. Army. Colored Infantry Regiment, 33rd (1864-1866)
=653  \\ $a United States. Army -- Biography
=653  \\ $a African American soldiers -- History -- 19th century
=653  \\ $a United States -- History -- Civil War, 1861-1865 -- Personal narratives
=653  \\ $a Higginson, Thomas Wentworth, 1823-1911
=653  \\ $a Soldiers -- United States -- Biography
=653  \\ $a United States. Army. South Carolina Volunteers, 1st (1862-1864)
=653  \\ $a United States -- History -- Civil War, 1861-1865 -- Regimental histories
=653  \\ $a United States -- History -- Civil War, 1861-1865 -- Participation, African American
=830  \0 $a Project Gutenberg $v 6764
=856  40 $u http://www.gutenberg.org/ebooks/6764

