=LDR  00911nas  2200253uu 4500
=000  00568cam\a22001693a\4500
=001  6765
=003  PGUSA
=005  20161217030037.0
=008  041001s2004||||xxu|||||s|||||000\1\eng\d
=040  \\ $a PGUSA $b eng
=042  \\ $a dc
=050  \4$aPT
=100  1\ $a Grabow, Anna, $d 1847-1885
=245  10 $a Mogens, and other stories $h [electronic resource] / $c Anna Grabow
=260  \\ $b Project Gutenberg, $c 2004
=505  0\ $a Mogens -- The plague in Bergamo -- There should have been roses -- Mrs. Fönss.
=506  \\ $a Public domain in the USA.
=516  \\ $a Text
=653  \\ $a Jacobsen, J. P. (Jens Peter), 1847-1885 -- Translations into English
=653  \\ $a Short stories, Danish -- Translations into English
=653  \\ $a Denmark -- Social life and customs -- Fiction
=830  \0 $a Project Gutenberg $v 6765
=856  40 $u http://www.gutenberg.org/ebooks/6765

