=LDR  00707nas  2200229uu 4500
=000  00568cam\a22001693a\4500
=001  6766
=003  PGUSA
=005  20161217030037.0
=008  041001s2004||||xxu|||||s|||||000\|\eng\d
=040  \\ $a PGUSA $b eng
=042  \\ $a dc
=050  \4$aHD
=100  1\ $a Hutchinson, J. R. $q (John Robert), $d 1858-1921
=245  14 $a The Press-Gang Afloat and Ashore $h [electronic resource] / $c J. R. Hutchinson
=260  \\ $b Project Gutenberg, $c 2004
=506  \\ $a Public domain in the USA.
=516  \\ $a Text
=653  \\ $a Impressment
=653  \\ $a Great Britain -- History, Naval
=830  \0 $a Project Gutenberg $v 6766
=856  40 $u http://www.gutenberg.org/ebooks/6766

