=LDR  00723nas  2200229uu 4500
=000  00568cam\a22001693a\4500
=001  6767
=003  PGUSA
=005  20161217030037.0
=008  041001s2004||||xxu|||||s|||||000\|\eng\d
=040  \\ $a PGUSA $b eng
=042  \\ $a dc
=050  \4$aE151
=100  1\ $a Hart, Albert Bushnell, $d 1854-1943
=245  10 $a Formation of the Union, 1750-1829 $h [electronic resource] / $c Albert Bushnell Hart
=260  \\ $b Project Gutenberg, $c 2004
=506  \\ $a Public domain in the USA.
=516  \\ $a Text
=653  \\ $a United States -- History
=653  \\ $a United States -- Politics and government
=830  \0 $a Project Gutenberg $v 6767
=856  40 $u http://www.gutenberg.org/ebooks/6767

