=LDR  01135nas  2200229uu 4500
=000  00568cam\a22001693a\4500
=001  6768
=003  PGUSA
=005  20161217030037.0
=008  041001s2004||||xxu|||||s|||||000\|\eng\d
=040  \\ $a PGUSA $b eng
=042  \\ $a dc
=050  \4$aPR
=100  1\ $a Wodehouse, P. G. $q (Pelham Grenville), $d 1881-1975
=245  14 $a The Man Upstairs and other stories $h [electronic resource] / $c P. G. Wodehouse
=260  \\ $b Project Gutenberg, $c 2004
=505  0\ $a The Man Upstairs -- Something To Worry About -- Deep Waters -- When Doctors Disagree -- By Advice Of Counsel -- Rough-Hew Them How We Will -- The Man Who Disliked Cats -- Ruth In Exile -- Archibald's Benefit -- The Man, The Maid, And The Miasma -- The Good Angel -- Pots O' Money -- Out Of School -- Three From Dunsterville -- The Tuppenny Millionaire -- Ahead Of Schedule -- Sir Agravaine -- The Goal-Keeper And The Plutocrat -- In Alcala.
=506  \\ $a Public domain in the USA.
=516  \\ $a Text
=653  \\ $a Humorous stories, English
=830  \0 $a Project Gutenberg $v 6768
=856  40 $u http://www.gutenberg.org/ebooks/6768

