=LDR  00687nas  2200229uu 4500
=000  00568cam\a22001693a\4500
=001  6769
=003  PGUSA
=005  20161217030037.0
=008  060422s2006||||xxu|||||s|||||000\1\eng\d
=040  \\ $a PGUSA $b eng
=042  \\ $a dc
=050  \4$aPR
=100  1\ $a Haggard, H. Rider $q (Henry Rider), $d 1856-1925
=245  14 $a The People of the Mist $h [electronic resource] / $c H. Rider Haggard
=260  \\ $b Project Gutenberg, $c 2006
=506  \\ $a Public domain in the USA.
=516  \\ $a Text
=653  \\ $a Adventure stories
=653  \\ $a Fantasy fiction
=830  \0 $a Project Gutenberg $v 6769
=856  40 $u http://www.gutenberg.org/ebooks/6769

