=LDR  00662nas  2200217uu 4500
=000  00568cam\a22001693a\4500
=001  6774
=003  PGUSA
=005  20161217030037.0
=008  041001s2004||||xxu|||||s|||||000\|\eng\d
=040  \\ $a PGUSA $b eng
=042  \\ $a dc
=050  \4$aD
=100  1\ $a Schiller, Friedrich, $d 1759-1805
=245  14 $a The Thirty Years War — Volume 05 $h [electronic resource] / $c Friedrich Schiller
=260  \\ $b Project Gutenberg, $c 2004
=506  \\ $a Public domain in the USA.
=516  \\ $a Text
=653  \\ $a Thirty Years' War, 1618-1648
=830  \0 $a Project Gutenberg $v 6774
=856  40 $u http://www.gutenberg.org/ebooks/6774

