=LDR  00830nas  2200241uu 4500
=000  00568cam\a22001693a\4500
=001  6775
=003  PGUSA
=005  20161217030037.0
=008  041208s2004||||xxu|||||s|||||000\|\eng\d
=040  \\ $a PGUSA $b eng
=042  \\ $a dc
=050  \4$aD
=100  1\ $a Morrison, A. J. W. $q (Alexander James William), $d 1806-1865
=245  14 $a The Thirty Years War — Complete $h [electronic resource] / $c A. J. W. Morrison
=260  \\ $b Project Gutenberg, $c 2004
=506  \\ $a Public domain in the USA.
=516  \\ $a Text
=653  \\ $a Europe -- History -- 1517-1648
=653  \\ $a Wallenstein, Albrecht Wenzel Eusebius von, Herzog von Friedland, 1583-1634
=653  \\ $a Thirty Years' War, 1618-1648
=830  \0 $a Project Gutenberg $v 6775
=856  40 $u http://www.gutenberg.org/ebooks/6775

