=LDR  00737nas  2200229uu 4500
=000  00568cam\a22001693a\4500
=001  6776
=003  PGUSA
=005  20161217030037.0
=008  041001s2004||||xxu|||||s|||||000\|\eng\d
=040  \\ $a PGUSA $b eng
=042  \\ $a dc
=050  \4$aDH
=100  1\ $a Schiller, Friedrich, $d 1759-1805
=245  10 $a History of the Revolt of the Netherlands — Volume 01 $h [electronic resource] / $c Friedrich Schiller
=260  \\ $b Project Gutenberg, $c 2004
=506  \\ $a Public domain in the USA.
=516  \\ $a Text
=653  \\ $a Netherlands -- History -- Eighty Years' War, 1568-1648
=653  \\ $a Huguenots
=830  \0 $a Project Gutenberg $v 6776
=856  40 $u http://www.gutenberg.org/ebooks/6776

