=LDR  00763nas  2200229uu 4500
=000  00568cam\a22001693a\4500
=001  6780
=003  PGUSA
=005  20161217030037.0
=008  041208s2004||||xxu|||||s|||||000\|\eng\d
=040  \\ $a PGUSA $b eng
=042  \\ $a dc
=050  \4$aDH
=100  1\ $a Morrison, A. J. W. $q (Alexander James William), $d 1806-1865
=245  10 $a History of the Revolt of the Netherlands — Complete $h [electronic resource] / $c A. J. W. Morrison
=260  \\ $b Project Gutenberg, $c 2004
=506  \\ $a Public domain in the USA.
=516  \\ $a Text
=653  \\ $a Huguenots
=653  \\ $a Netherlands -- History -- Eighty Years' War, 1568-1648
=830  \0 $a Project Gutenberg $v 6780
=856  40 $u http://www.gutenberg.org/ebooks/6780

