=LDR  00716nas  2200229uu 4500
=000  00568cam\a22001693a\4500
=001  6781
=003  PGUSA
=005  20161217030037.0
=008  041208s2004||||xxu|||||s|||||000\1\eng\d
=040  \\ $a PGUSA $b eng
=042  \\ $a dc
=050  \4$aPT
=100  1\ $a Schiller, Friedrich, $d 1759-1805
=245  14 $a The Ghost-Seer; or the Apparitionist; and Sport of Destiny $h [electronic resource] / $c Friedrich Schiller
=260  \\ $b Project Gutenberg, $c 2004
=506  \\ $a Public domain in the USA.
=516  \\ $a Text
=653  \\ $a Venice (Italy) -- Fiction
=653  \\ $a Ghost stories
=830  \0 $a Project Gutenberg $v 6781
=856  40 $u http://www.gutenberg.org/ebooks/6781

