=LDR  00760nas  2200229uu 4500
=000  00568cam\a22001693a\4500
=001  6783
=003  PGUSA
=005  20161217030037.0
=008  041208s2004||||xxu|||||s|||||000\|\eng\d
=040  \\ $a PGUSA $b eng
=042  \\ $a dc
=050  \4$aPT
=100  1\ $a Schiller, Friedrich, $d 1759-1805
=245  10 $a Fiesco; or, the Genoese Conspiracy : $b A Tragedy $h [electronic resource] / $c Friedrich Schiller
=260  \\ $b Project Gutenberg, $c 2004
=506  \\ $a Public domain in the USA.
=516  \\ $a Text
=653  \\ $a Genoa (Italy) -- History -- Drama
=653  \\ $a Fiéschi, Gian Luigi, conte di Lavagna, 1522-1547 -- Drama
=830  \0 $a Project Gutenberg $v 6783
=856  40 $u http://www.gutenberg.org/ebooks/6783

