=LDR  00735nas  2200241uu 4500
=000  00568cam\a22001693a\4500
=001  6784
=003  PGUSA
=005  20161217030037.0
=008  041208s2004||||xxu|||||s|||||000\|\eng\d
=040  \\ $a PGUSA $b eng
=042  \\ $a dc
=050  \4$aPT
=100  1\ $a Schiller, Friedrich, $d 1759-1805
=245  10 $a Love and Intrigue : $b A Tragedy $h [electronic resource] / $c Friedrich Schiller
=260  \\ $b Project Gutenberg, $c 2004
=506  \\ $a Public domain in the USA.
=516  \\ $a Text
=653  \\ $a Tragedies
=653  \\ $a Domestic drama
=653  \\ $a German drama -- Translations into English
=830  \0 $a Project Gutenberg $v 6784
=856  40 $u http://www.gutenberg.org/ebooks/6784

