=LDR  00696nas  2200229uu 4500
=000  00568cam\a22001693a\4500
=001  6788
=003  PGUSA
=005  20161217030037.0
=008  041208s2004||||xxu|||||s|||||000\|\eng\d
=040  \\ $a PGUSA $b eng
=042  \\ $a dc
=050  \4$aPT
=100  1\ $a Martin, Theodore, $c Sir, $d 1816-1909
=245  10 $a Wilhelm Tell $h [electronic resource] / $c Theodore, Martin
=260  \\ $b Project Gutenberg, $c 2004
=500  \\ $a See also PG#2782 with Introductory Note
=506  \\ $a Public domain in the USA.
=516  \\ $a Text
=653  \\ $a Tell, Wilhelm -- Drama
=830  \0 $a Project Gutenberg $v 6788
=856  40 $u http://www.gutenberg.org/ebooks/6788

