=LDR  00665nas  2200217uu 4500
=000  00568cam\a22001693a\4500
=001  6789
=003  PGUSA
=005  20161217030037.0
=008  041208s2004||||xxu|||||s|||||000\|\eng\d
=040  \\ $a PGUSA $b eng
=042  \\ $a dc
=050  \4$aPT
=100  1\ $a Boylan, R. Dillon, $d 1759-1805
=245  10 $a Don Carlos : $b A Play $h [electronic resource] / $c R. Dillon Boylan
=260  \\ $b Project Gutenberg, $c 2004
=506  \\ $a Public domain in the USA.
=516  \\ $a Text
=653  \\ $a Carlos, Prince of Asturias, 1545-1568 -- Drama
=830  \0 $a Project Gutenberg $v 6789
=856  40 $u http://www.gutenberg.org/ebooks/6789

