=LDR  00824nas  2200241uu 4500
=000  00568cam\a22001693a\4500
=001  6791
=003  PGUSA
=005  20161217030037.0
=008  041208s2004||||xxu|||||s|||||000\|\eng\d
=040  \\ $a PGUSA $b eng
=042  \\ $a dc
=050  \4$aPT
=100  1\ $a Mellish, Joseph Charles, $d 1768-1823
=245  10 $a Mary Stuart : $b A Tragedy $h [electronic resource] / $c Joseph Charles Mellish
=260  \\ $b Project Gutenberg, $c 2004
=506  \\ $a Public domain in the USA.
=516  \\ $a Text
=653  \\ $a Mary, Queen of Scots, 1542-1587 -- Drama
=653  \\ $a Great Britain -- History -- Elizabeth, 1558-1603 -- Drama
=653  \\ $a Scotland -- History -- Mary Stuart, 1542-1567 -- Drama
=830  \0 $a Project Gutenberg $v 6791
=856  40 $u http://www.gutenberg.org/ebooks/6791

