=LDR  00763nas  2200241uu 4500
=000  00568cam\a22001693a\4500
=001  6792
=003  PGUSA
=005  20161217030037.0
=008  041208s2004||||xxu|||||s|||||000\|\eng\d
=040  \\ $a PGUSA $b eng
=042  \\ $a dc
=050  \4$aPT
=100  1\ $a Swanwick, Anna, $d 1813-1899
=245  14 $a The Maid of Orleans : $b A Tragedy $h [electronic resource] / $c Anna Swanwick
=260  \\ $b Project Gutenberg, $c 2004
=506  \\ $a Public domain in the USA.
=516  \\ $a Text
=653  \\ $a Tragedies
=653  \\ $a Joan, of Arc, Saint, 1412-1431 -- Drama
=653  \\ $a France -- History -- Charles VII, 1422-1461 -- Drama
=830  \0 $a Project Gutenberg $v 6792
=856  40 $u http://www.gutenberg.org/ebooks/6792

