=LDR  00649nas  2200217uu 4500
=000  00568cam\a22001693a\4500
=001  6797
=003  PGUSA
=005  20161217030037.0
=008  041208s2004||||xxu|||||s|||||000\p\eng\d
=040  \\ $a PGUSA $b eng
=042  \\ $a dc
=050  \4$aPT
=100  1\ $a Schiller, Friedrich, $d 1759-1805
=245  14 $a The Poems of Schiller — Suppressed poems $h [electronic resource] / $c Friedrich Schiller
=260  \\ $b Project Gutenberg, $c 2004
=506  \\ $a Public domain in the USA.
=516  \\ $a Text
=653  \\ $a Poetry
=830  \0 $a Project Gutenberg $v 6797
=856  40 $u http://www.gutenberg.org/ebooks/6797

