=LDR  01173nas  2200229uu 4500
=000  00568cam\a22001693a\4500
=001  6800
=003  PGUSA
=005  20161217030037.0
=008  041208s2004||||xxu|||||s|||||000\p\eng\d
=040  \\ $a PGUSA $b eng
=042  \\ $a dc
=050  \4$aPT
=100  1\ $a Schiller, Friedrich, $d 1759-1805
=245  14 $a The Works of Frederick Schiller $h [electronic resource] / $c Friedrich Schiller
=260  \\ $b Project Gutenberg, $c 2004
=505  0\ $a History: Thirty Years' War; Revolt of the Netherlands -- -- Plays: The Robbers; Fiesco; Love and Intrigue; The Camp of Wallenstein; Piccolomini; The Death of Wallenstein; Whilhelm Tell; Don Carlos; Demetrius; Mary Stuart; The Maid of Orleans; The Bride of Messina -- -- Poems: 1st Period; 2nd Period; 3rd Period; Supressed Poems -- -- Philosophy: Aesthetical Essays; Philosophical Letters -- -- Novels: The Ghost Seer (Or, The Apparitionist); The Sport of Destiny
=506  \\ $a Public domain in the USA.
=516  \\ $a Text
=653  \\ $a Schiller, Friedrich, 1759-1805 -- Translations into English
=830  \0 $a Project Gutenberg $v 6800
=856  40 $u http://www.gutenberg.org/ebooks/6800

