=LDR  00962nas  2200289uu 4500
=000  00568cam\a22001693a\4500
=001  6801
=003  PGUSA
=005  20161217030037.0
=008  041101s2004||||xxu|||||s|||||000\1\eng\d
=040  \\ $a PGUSA $b eng
=042  \\ $a dc
=050  \4$aPS
=100  1\ $a McCutcheon, George Barr, $d 1866-1928
=245  10 $a Beverly of Graustark $h [electronic resource] / $c George Barr McCutcheon
=260  \\ $b Project Gutenberg, $c 2004
=506  \\ $a Public domain in the USA.
=516  \\ $a Text
=653  \\ $a Courts and courtiers -- Fiction
=653  \\ $a Imaginary places -- Europe, Eastern -- Fiction
=653  \\ $a Impostors and imposture -- Fiction
=653  \\ $a Love stories
=653  \\ $a Graustark (Imaginary place) -- Fiction
=653  \\ $a Europe -- Fiction
=653  \\ $a Americans -- Foreign countries -- Fiction
=830  \0 $a Project Gutenberg $v 6801
=856  40 $u http://www.gutenberg.org/ebooks/6801

