=LDR  00771nas  2200241uu 4500
=000  00568cam\a22001693a\4500
=001  6802
=003  PGUSA
=005  20161217030037.0
=008  041101s2004||||xxu|||||s|||||000\|\eng\d
=040  \\ $a PGUSA $b eng
=042  \\ $a dc
=050  \4$aHV
=100  1\ $a Banks, Louis Albert, $d 1855-1933
=245  10 $a White Slaves; or, the Oppression of the Worthy Poor $h [electronic resource] / $c Louis Albert Banks
=260  \\ $b Project Gutenberg, $c 2004
=506  \\ $a Public domain in the USA.
=516  \\ $a Text
=653  \\ $a Poor -- Massachusetts -- Boston
=653  \\ $a Working class -- Massachusetts -- Boston
=653  \\ $a Sweatshops
=830  \0 $a Project Gutenberg $v 6802
=856  40 $u http://www.gutenberg.org/ebooks/6802

