=LDR  00807nas  2200253uu 4500
=000  00568cam\a22001693a\4500
=001  6803
=003  PGUSA
=005  20161217030037.0
=008  041101s2004||||xxu|||||s|||||000\|\eng\d
=040  \\ $a PGUSA $b eng
=042  \\ $a dc
=050  \4$aE011
=100  1\ $a Leland, Charles Godfrey, $d 1824-1903
=245  10 $a Algonquin Legends of New England $h [electronic resource] / $c Charles Godfrey Leland
=260  \\ $b Project Gutenberg, $c 2004
=506  \\ $a Public domain in the USA.
=516  \\ $a Text
=653  \\ $a Algonquian mythology
=653  \\ $a Indians of North America -- Folklore
=653  \\ $a Legends -- New England
=653  \\ $a Algonquian Indians -- Legends
=830  \0 $a Project Gutenberg $v 6803
=856  40 $u http://www.gutenberg.org/ebooks/6803

