=LDR  00671nas  2200217uu 4500
=000  00568cam\a22001693a\4500
=001  6804
=003  PGUSA
=005  20161217030037.0
=008  041101s2004||||xxu|||||s|||||000\|\eng\d
=040  \\ $a PGUSA $b eng
=042  \\ $a dc
=050  \4$aD
=100  1\ $a Myers, P. V. N. $q (Philip Van Ness), $d 1846-1937
=245  10 $a General History for Colleges and High Schools $h [electronic resource] / $c P. V. N. Myers
=260  \\ $b Project Gutenberg, $c 2004
=506  \\ $a Public domain in the USA.
=516  \\ $a Text
=653  \\ $a World history
=830  \0 $a Project Gutenberg $v 6804
=856  40 $u http://www.gutenberg.org/ebooks/6804

