=LDR  00650nas  2200217uu 4500
=000  00568cam\a22001693a\4500
=001  6805
=003  PGUSA
=005  20161217030037.0
=008  041101s2004||||xxu|||||s|||||000\|\eng\d
=040  \\ $a PGUSA $b eng
=042  \\ $a dc
=050  \4$aPS
=100  1\ $a Green, Anna Katharine, $d 1846-1935
=245  14 $a The Mill Mystery $h [electronic resource] / $c Anna Katharine Green
=260  \\ $b Project Gutenberg, $c 2004
=506  \\ $a Public domain in the USA.
=516  \\ $a Text
=653  \\ $a Detective and mystery stories
=830  \0 $a Project Gutenberg $v 6805
=856  40 $u http://www.gutenberg.org/ebooks/6805

