=LDR  00671nas  2200229uu 4500
=000  00568cam\a22001693a\4500
=001  6806
=003  PGUSA
=005  20161217030037.0
=008  041101s2004||||xxu|||||s|||||000\1\eng\d
=040  \\ $a PGUSA $b eng
=042  \\ $a dc
=050  \4$aPS
=100  1\ $a Barr, Amelia E., $d 1831-1919
=245  14 $a The Hallam Succession $h [electronic resource] / $c Amelia E. Barr
=260  \\ $b Project Gutenberg, $c 2004
=506  \\ $a Public domain in the USA.
=516  \\ $a Text
=653  \\ $a Methodists -- Fiction
=653  \\ $a Christian fiction
=830  \0 $a Project Gutenberg $v 6806
=856  40 $u http://www.gutenberg.org/ebooks/6806

