=LDR  00814nas  2200241uu 4500
=000  00568cam\a22001693a\4500
=001  6807
=003  PGUSA
=005  20161217030037.0
=008  041101s2004||||xxu|||||s|||||000\|\eng\d
=040  \\ $a PGUSA $b eng
=042  \\ $a dc
=050  \4$aDA
=100  1\ $a Lang, Andrew, $d 1844-1912
=245  10 $a Pickle the Spy; Or, the Incognito of Prince Charles $h [electronic resource] / $c Andrew Lang
=260  \\ $b Project Gutenberg, $c 2004
=506  \\ $a Public domain in the USA.
=516  \\ $a Text
=653  \\ $a Charles Edward, Prince, grandson of James II, King of England, 1720-1788
=653  \\ $a Jacobite Rebellion, 1745-1746
=653  \\ $a Macdonell, Alastair Ruadh, 1725?-1761
=830  \0 $a Project Gutenberg $v 6807
=856  40 $u http://www.gutenberg.org/ebooks/6807

