=LDR  00915nas  2200229uu 4500
=000  00568cam\a22001693a\4500
=001  6808
=003  PGUSA
=005  20161217030037.0
=008  041101s2004||||xxu|||||s|||||000\|\eng\d
=040  \\ $a PGUSA $b eng
=042  \\ $a dc
=050  \4$aE151
=100  1\ $a Fowler, William Worthington, $d 1833-1881
=245  10 $a Woman on the American Frontier : $b $b A Valuable and Authentic History of the Heroism, Adventures, Privations, Captivities, Trials, and Noble Lives and Deaths of the "Pioneer Mothers of the Republic" $h [electronic resource] / $c William Worthington Fowler
=260  \\ $b Project Gutenberg, $c 2004
=506  \\ $a Public domain in the USA.
=516  \\ $a Text
=653  \\ $a Frontier and pioneer life -- United States
=653  \\ $a Women -- United States -- Biography
=830  \0 $a Project Gutenberg $v 6808
=856  40 $u http://www.gutenberg.org/ebooks/6808

