=LDR  00648nas  2200217uu 4500
=000  00568cam\a22001693a\4500
=001  6810
=003  PGUSA
=005  20161217030037.0
=008  041101s2004||||xxu|||||s|||||000\|\eng\d
=040  \\ $a PGUSA $b eng
=042  \\ $a dc
=050  \4$aE011
=100  1\ $a Byne, Mildred Stapley, $d 1875-1941
=245  10 $a Christopher Columbus $h [electronic resource] / $c Mildred Stapley Byne
=260  \\ $b Project Gutenberg, $c 2004
=506  \\ $a Public domain in the USA.
=516  \\ $a Text
=653  \\ $a Columbus, Christopher
=830  \0 $a Project Gutenberg $v 6810
=856  40 $u http://www.gutenberg.org/ebooks/6810

