=LDR  00887nas  2200265uu 4500
=000  00568cam\a22001693a\4500
=001  6811
=003  PGUSA
=005  20161217030037.0
=008  041101s2004||||xxu|||||s|||||000\|\eng\d
=040  \\ $a PGUSA $b eng
=042  \\ $a dc
=050  \4$aE456
=100  1\ $a Ketcham, Henry
=245  14 $a The Life of Abraham Lincoln $h [electronic resource] / $c Henry Ketcham
=260  \\ $b Project Gutenberg, $c 2004
=506  \\ $a Public domain in the USA.
=516  \\ $a Text
=653  \\ $a United States -- Politics and government -- 1861-1865
=653  \\ $a Presidents -- United States -- Biography
=653  \\ $a Lincoln, Abraham, 1809-1865 -- Family
=653  \\ $a United States -- History -- Civil War, 1861-1865
=653  \\ $a Lincoln, Abraham, 1809-1865
=830  \0 $a Project Gutenberg $v 6811
=856  40 $u http://www.gutenberg.org/ebooks/6811

