=LDR  00848nas  2200241uu 4500
=000  00568cam\a22001693a\4500
=001  6813
=003  PGUSA
=005  20161217030037.0
=008  041101s2004||||xxu|||||s|||||000\1\eng\d
=040  \\ $a PGUSA $b eng
=042  \\ $a dc
=050  \4$aPR
=100  1\ $a Traill, Catharine Parr Strickland, $d 1802-1899
=245  10 $a Lost in the Backwoods : $b A Tale of the Canadian Forest $h [electronic resource] / $c Catharine Parr Strickland Traill
=260  \\ $b Project Gutenberg, $c 2004
=500  \\ $a Original title: Canadian Crusoes
=506  \\ $a Public domain in the USA.
=516  \\ $a Text
=653  \\ $a Indians of North America -- Ontario -- Fiction
=653  \\ $a Frontier and pioneer life -- Ontario -- Fiction
=830  \0 $a Project Gutenberg $v 6813
=856  40 $u http://www.gutenberg.org/ebooks/6813

