=LDR  00865nas  2200265uu 4500
=000  00568cam\a22001693a\4500
=001  6814
=003  PGUSA
=005  20161217030037.0
=008  041101s2004||||xxu|||||s|||||000\1\eng\d
=040  \\ $a PGUSA $b eng
=042  \\ $a dc
=050  \4$aPZ
=050  \4$aPS
=100  1\ $a Garis, Howard Roger, $d 1873-1962
=245  14 $a The Curlytops at Uncle Frank's Ranch; Or, Little Folks on Ponyback $h [electronic resource] / $c Howard Roger Garis
=260  \\ $b Project Gutenberg, $c 2004
=506  \\ $a Public domain in the USA.
=516  \\ $a Text
=653  \\ $a Montana -- Juvenile fiction
=653  \\ $a Families -- Juvenile fiction
=653  \\ $a Ranches -- Juvenile fiction
=653  \\ $a Brothers and sisters -- Juvenile fiction
=830  \0 $a Project Gutenberg $v 6814
=856  40 $u http://www.gutenberg.org/ebooks/6814

