=LDR  01693nas  2200229uu 4500
=000  00568cam\a22001693a\4500
=001  6815
=003  PGUSA
=005  20161217030037.0
=008  041101s2004||||xxu|||||s|||||000\p\eng\d
=040  \\ $a PGUSA $b eng
=042  \\ $a dc
=050  \4$aPS
=100  1\ $a Crawford, Isabella Valancy, $d 1850-1887
=245  10 $a Old Spookses' Pass, Malcolm's Katie, and other poems $h [electronic resource] / $c Isabella Valancy Crawford
=260  \\ $b Project Gutenberg, $c 2004
=505  0\ $a Old Spookses's Pass -- The helot -- Malcom's Katie: a love story -- Old Spense -- The Roman rose-seller -- The wooing of Gheezis -- Baby's dreams -- Mary's tryst -- "In exchange for his soul!" -- The land of kisses -- Said the thistle-down -- Bouche-mignonne -- Beside the sea -- The hidden room -- Farmer Downs changes his opinion of nature -- The burgomeister's well -- Said the wind -- The ghosts of the trees -- Gisli: the chieftain -- The song of the arrow -- The shell -- Two songs of Spain -- The city tree -- Late loved: well loved -- La bouquetierre -- Curtius -- The farmer's daughter Cherry -- Some of farmer Stebbin's opinions -- The deacon and his daughter -- Said the skylark -- War -- The sword: The forging of the sword -- Roses in Madrid -- Between the wind and rain -- Joy's city -- The canoe -- "My ain bonnie lass o' the glen" -- The white bull -- March -- "The Earth waxeth old" -- "The wishing star" -- How Deacon Fry bought a "duchess" -- My Irish love -- A hungry day.
=506  \\ $a Public domain in the USA.
=516  \\ $a Text
=653  \\ $a Canadian poetry
=830  \0 $a Project Gutenberg $v 6815
=856  40 $u http://www.gutenberg.org/ebooks/6815

