=LDR  00707nas  2200217uu 4500
=000  00568cam\a22001693a\4500
=001  6816
=003  PGUSA
=005  20161217030037.0
=008  041101s2004||||xxu|||||s|||||000\p\eng\d
=040  \\ $a PGUSA $b eng
=042  \\ $a dc
=050  \4$aPS
=100  1\ $a Johnson, Helen M. $q (Helen Mar), $d 1834-1863
=245  10 $a Canadian Wild Flowers : $b Selections from the Writings of Miss Helen M. Johnson $h [electronic resource] / $c Helen M. Johnson
=260  \\ $b Project Gutenberg, $c 2004
=506  \\ $a Public domain in the USA.
=516  \\ $a Text
=653  \\ $a Canadian poetry
=830  \0 $a Project Gutenberg $v 6816
=856  40 $u http://www.gutenberg.org/ebooks/6816

