=LDR  00724nas  2200241uu 4500
=000  00568cam\a22001693a\4500
=001  6817
=003  PGUSA
=005  20161217030037.0
=008  041101s2004||||xxu|||||s|||||000\p\eng\d
=040  \\ $a PGUSA $b eng
=042  \\ $a dc
=050  \4$aBL
=100  1\ $a Beames, John, $d 1837-1902
=245  10 $a Chaitanya and the Vaishnava Poets of Bengal $h [electronic resource] / $c John Beames
=260  \\ $b Project Gutenberg, $c 2004
=506  \\ $a Public domain in the USA.
=516  \\ $a Text
=653  \\ $a Vaishnavism
=653  \\ $a Vaishnava poetry, Bengali
=653  \\ $a Chaitanya, 1486-1534
=830  \0 $a Project Gutenberg $v 6817
=856  40 $u http://www.gutenberg.org/ebooks/6817

