=LDR  01245nas  2200289uu 4500
=000  00568cam\a22001693a\4500
=001  6818
=003  PGUSA
=005  20161217030037.0
=008  041101s2004||||xxu|||||s|||||000\|\eng\d
=040  \\ $a PGUSA $b eng
=042  \\ $a dc
=050  \4$aF1001
=100  1\ $a Seton, Ernest Thompson, $d 1860-1946
=245  14 $a The Arctic Prairies : $b a Canoe-Journey of 2,000 Miles in Search of the Caribou; : $b Being the Account of a Voyage to the Region North of Aylemer Lake $h [electronic resource] / $c Ernest Thompson Seton
=260  \\ $b Project Gutenberg, $c 2004
=506  \\ $a Public domain in the USA.
=516  \\ $a Text
=653  \\ $a Seton, Ernest Thompson, 1860-1946 -- Travel -- Canada, Northern
=653  \\ $a Caribou hunting -- Canada, Northern -- History -- 20th century
=653  \\ $a Canada, Northern -- Description and travel
=653  \\ $a Mackenzie (N.W.T.) -- Description and travel
=653  \\ $a Canoes and canoeing -- Canada, Northern -- History -- 20th century
=653  \\ $a Outdoor life -- Canada, Northern -- History -- 20th century
=653  \\ $a Alberta -- Description and travel
=830  \0 $a Project Gutenberg $v 6818
=856  40 $u http://www.gutenberg.org/ebooks/6818

