=LDR  00722nas  2200229uu 4500
=000  00568cam\a22001693a\4500
=001  6820
=003  PGUSA
=005  20161217030037.0
=008  041101s2004||||xxu|||||s|||||000\p\ger\d
=040  \\ $a PGUSA $b ger
=042  \\ $a dc
=050  \4$aPT
=100  1\ $a Lessing, Gotthold Ephraim, $d 1729-1781
=245  10 $a Ausgewählte Gedichte $h [electronic resource] / $c Gotthold Ephraim Lessing
=260  \\ $b Project Gutenberg, $c 2004
=505  0\ $a Der über uns -- Ich -- Lob der Faulheit
=506  \\ $a Public domain in the USA.
=516  \\ $a Text
=653  \\ $a German poetry -- 18th century
=830  \0 $a Project Gutenberg $v 6820
=856  40 $u http://www.gutenberg.org/ebooks/6820

