=LDR  02706nas  2200229uu 4500
=000  00568cam\a22001693a\4500
=001  6822
=003  PGUSA
=005  20161217030037.0
=008  041101s2004||||xxu|||||s|||||000\p\ger\d
=040  \\ $a PGUSA $b ger
=042  \\ $a dc
=050  \4$aPT
=100  1\ $a Lessing, Gotthold Ephraim, $d 1729-1781
=245  10 $a Lieder von Lessing $h [electronic resource] / $c Gotthold Ephraim Lessing
=260  \\ $b Project Gutenberg, $c 2004
=505  0\ $a Alexander -- An Amor -- An den Anakreon -- An den Horaz -- An den Wein -- An die J. L*** -- An die Kunstrichter -- An die Leier -- An die Schwalbe -- An eine kleine Schöne -- Antwort eines trunknen Dichters -- Auf sich selbst -- Das Alter -- Das Bild an Hrn. H. -- Das Erdbeben -- Das Leben -- Das Paradies -- Das Schäferleben -- Das Umwechseln -- Das aufgehobene Gebot -- Der Donner -- Der Faule -- Der Fehler -- Der Fehler der Natur an Hr. M. -- Der Flor -- Der Genuß -- Der Geschmack der Alten -- Der Handel -- Der Irrtum -- Der Regen -- Der Schiffbruch -- Der Schlaf -- Der Sommer -- Der Sonderling -- Der Tabak -- Der Tausch an Hr. W. -- Der Tod -- Der Verlust -- Der Vetter und die Muhme -- Der Wunsch -- Der alte und der junge Wein -- Der bescheidene Wunsch -- Der größte Mann -- Der müßige Pöbel -- Der neue Welt-Bau -- Der philosophische Trinker -- Der schwörende Liebhaber -- Der trunkne Dichter lobt den Wein -- Die 47ste Ode Anakreons -- Die Abwechslung -- Die Antwort -- Die Beredsamkeit -- Die Betrübnis -- Die Biene -- Die Diebin -- Die Einwohner des Mondes -- Die Ente -- Die Faulheit -- Die Gespenster -- Die Gewißheit -- Die Haushaltung -- Die Küsse -- Die Küsse -- Die Kunstrichter und der Dichter -- Die Liebe -- Die Musik -- Die Mutter -- Die Namen -- Die Planetenbewohner -- Die Redlichkeit -- Die Schöne von hinten -- Die Sparsamkeit -- Die Stärke des Weins -- Die Türken -- Die Versteinerung -- Die Wetterprophezeiung -- Die drei Reiche der Natur -- Die lügenhafte Phyllis -- Die lehrende Astronomie -- Die schlafende Laura -- Die schlimmste Frau -- Die verschlimmerten Zeiten -- Die wider den Cäsar verschworne Helden -- Eine Gesundheit -- Für wen ich singe -- Heldenlied der Spartaner -- Ich -- Jungfer Lieschens Knie -- Küssen und Trinken -- Lied -- Lied aus dem Spanischen -- Lob der Faulheit -- Nach der 15. Ode Anakreons -- Niklas -- Phillis -- Phyllis an Damon -- Phyllis lobt den Wein -- Refutatio Papatus -- Salomon -- Trinklied -- Wem ich zu gefallen suche, und nicht suche
=506  \\ $a Public domain in the USA.
=516  \\ $a Text
=653  \\ $a German poetry -- 18th century
=830  \0 $a Project Gutenberg $v 6822
=856  40 $u http://www.gutenberg.org/ebooks/6822

