=LDR  00976nas  2200277uu 4500
=000  00568cam\a22001693a\4500
=001  6823
=003  PGUSA
=005  20161217030037.0
=008  041101s2004||||xxu|||||s|||||000\|\eng\d
=040  \\ $a PGUSA $b eng
=042  \\ $a dc
=050  \4$aF590.3
=100  1\ $a Roe, Frances Marie Antoinette Mack
=245  10 $a Army Letters from an Officer's Wife, 1871-1888 $h [electronic resource] / $c Frances Marie Antoinette Mack Roe
=260  \\ $b Project Gutenberg, $c 2004
=506  \\ $a Public domain in the USA.
=516  \\ $a Text
=653  \\ $a Roe, Frances Marie Antoinette Mack
=653  \\ $a United States. Army -- Military life
=653  \\ $a Army wives -- West (U.S.) -- Correspondence
=653  \\ $a West (U.S.) -- Description and travel
=653  \\ $a Frontier and pioneer life -- West (U.S.)
=653  \\ $a West (U.S.) -- Biography
=830  \0 $a Project Gutenberg $v 6823
=856  40 $u http://www.gutenberg.org/ebooks/6823

