=LDR  00682nas  2200217uu 4500
=000  00568cam\a22001693a\4500
=001  6824
=003  PGUSA
=005  20161217030037.0
=008  060606s2006||||xxu|||||s|||||000\1\eng\d
=040  \\ $a PGUSA $b eng
=042  \\ $a dc
=050  \4$aPR
=100  1\ $a Blackmore, R. D. $q (Richard Doddridge), $d 1825-1900
=245  10 $a Mary Anerley : $b A Yorkshire Tale $h [electronic resource] / $c R. D. Blackmore
=260  \\ $b Project Gutenberg, $c 2006
=506  \\ $a Public domain in the USA.
=516  \\ $a Text
=653  \\ $a Yorkshire (England) -- Fiction
=830  \0 $a Project Gutenberg $v 6824
=856  40 $u http://www.gutenberg.org/ebooks/6824

