=LDR  00764nas  2200229uu 4500
=000  00568cam\a22001693a\4500
=001  6826
=003  PGUSA
=005  20161217030037.0
=008  041101s2004||||xxu|||||s|||||000\1\eng\d
=040  \\ $a PGUSA $b eng
=042  \\ $a dc
=050  \4$aPS
=100  1\ $a Withrow, W. H. $q (William Henry), $d 1839-1908
=245  10 $a Neville Trueman, the Pioneer Preacher : $b a tale of the war of 1812 $h [electronic resource] / $c W. H. Withrow
=260  \\ $b Project Gutenberg, $c 2004
=506  \\ $a Public domain in the USA.
=516  \\ $a Text
=653  \\ $a United States -- History -- War of 1812 -- Fiction
=653  \\ $a Clergy -- Fiction
=830  \0 $a Project Gutenberg $v 6826
=856  40 $u http://www.gutenberg.org/ebooks/6826

