=LDR  00784nas  2200253uu 4500
=000  00568cam\a22001693a\4500
=001  6827
=003  PGUSA
=005  20161217030037.0
=008  041101s2004||||xxu|||||s|||||000\1\eng\d
=040  \\ $a PGUSA $b eng
=042  \\ $a dc
=050  \4$aPZ
=050  \4$aPS
=100  1\ $a Stuart, Gordon $q (Adventure story writer)
=245  10 $a Boy Scouts of the Air on Lost Island $h [electronic resource] / $c Gordon Stuart
=260  \\ $b Project Gutenberg, $c 2004
=506  \\ $a Public domain in the USA.
=516  \\ $a Text
=653  \\ $a Thieves -- Juvenile fiction
=653  \\ $a Airplanes -- Juvenile fiction
=653  \\ $a Boy Scouts -- Juvenile fiction
=830  \0 $a Project Gutenberg $v 6827
=856  40 $u http://www.gutenberg.org/ebooks/6827

