=LDR  00987nas  2200229uu 4500
=000  00568cam\a22001693a\4500
=001  6828
=003  PGUSA
=005  20161217030037.0
=008  041101s2004||||xxu|||||s|||||000\|\eng\d
=040  \\ $a PGUSA $b eng
=042  \\ $a dc
=050  \4$aPR
=100  1\ $a Fielding, Henry, $d 1707-1754
=245  14 $a The Works of Henry Fielding, vol. 12 $h [electronic resource] / $c Henry Fielding
=260  \\ $b Project Gutenberg, $c 2004
=505  0\ $a Miscellanies, Part 2 -- The Author's Farce, Acts I. And II. -- The Tragedy of Tragedies; or, The Life And Death -- of Tom Thumb The Great -- Pasquin; A Dramatic Satire On The Times -- An Essay On Conversation -- The True Patriot, No. XIII. -- The Covent-Garden Journal, Nos. X., XXXIII. -- Familiar Letter
=506  \\ $a Public domain in the USA.
=516  \\ $a Text
=653  \\ $a English literature -- 18th century
=830  \0 $a Project Gutenberg $v 6828
=856  40 $u http://www.gutenberg.org/ebooks/6828

