=LDR  00636nas  2200217uu 4500
=000  00568cam\a22001693a\4500
=001  6832
=003  PGUSA
=005  20161217030037.0
=008  041101s2004||||xxu|||||s|||||000\|\ger\d
=040  \\ $a PGUSA $b ger
=042  \\ $a dc
=050  \4$aPT
=100  1\ $a Lenz, Jakob Michael Reinhold, $d 1751-1792
=245  14 $a Die Soldaten $h [electronic resource] / $c Jakob Michael Reinhold Lenz
=260  \\ $b Project Gutenberg, $c 2004
=506  \\ $a Public domain in the USA.
=516  \\ $a Text
=653  \\ $a Drama
=830  \0 $a Project Gutenberg $v 6832
=856  40 $u http://www.gutenberg.org/ebooks/6832

