=LDR  00715nas  2200217uu 4500
=000  00568cam\a22001693a\4500
=001  6835
=003  PGUSA
=005  20161217030037.0
=008  041101s2004||||xxu|||||s|||||000\1\ger\d
=040  \\ $a PGUSA $b ger
=042  \\ $a dc
=050  \4$aPT
=100  1\ $a Lenz, Jakob Michael Reinhold, $d 1751-1792
=245  10 $a Zerbin, oder die neuere Philosophie $h [electronic resource] / $c Jakob Michael Reinhold Lenz
=260  \\ $b Project Gutenberg, $c 2004
=506  \\ $a Public domain in the USA.
=516  \\ $a Text
=653  \\ $a Germany -- Social life and customs -- 18th century -- Fiction
=830  \0 $a Project Gutenberg $v 6835
=856  40 $u http://www.gutenberg.org/ebooks/6835

