=LDR  00731nas  2200241uu 4500
=000  00568cam\a22001693a\4500
=001  6838
=003  PGUSA
=005  20161217030037.0
=008  041101s2004||||xxu|||||s|||||000\1\fre\d
=040  \\ $a PGUSA $b fre
=042  \\ $a dc
=050  \4$aPQ
=100  1\ $a Hugo, Victor, $d 1802-1885
=245  13 $a Le Dernier Jour d'un Condamné $h [electronic resource] / $c Victor Hugo
=260  \\ $b Project Gutenberg, $c 2004
=506  \\ $a Public domain in the USA.
=516  \\ $a Text
=653  \\ $a Capital punishment -- Fiction
=653  \\ $a France -- Fiction
=653  \\ $a Prisoners -- France -- Fiction
=830  \0 $a Project Gutenberg $v 6838
=856  40 $u http://www.gutenberg.org/ebooks/6838

