=LDR  00673nas  2200217uu 4500
=000  00568cam\a22001693a\4500
=001  6839
=003  PGUSA
=005  20161217030037.0
=008  041101s2004||||xxu|||||s|||||000\|\eng\d
=040  \\ $a PGUSA $b eng
=042  \\ $a dc
=050  \4$aDG
=100  1\ $a Lord, John, $d 1810-1894
=245  14 $a The Old Roman World : $b the Grandeur and Failure of Its Civilization. $h [electronic resource] / $c John Lord
=260  \\ $b Project Gutenberg, $c 2004
=506  \\ $a Public domain in the USA.
=516  \\ $a Text
=653  \\ $a Rome -- Civilization
=830  \0 $a Project Gutenberg $v 6839
=856  40 $u http://www.gutenberg.org/ebooks/6839

