=LDR  00821nas  2200253uu 4500
=000  00568cam\a22001693a\4500
=001  6840
=003  PGUSA
=005  20161217030037.0
=008  041101s2004||||xxu|||||s|||||000\1\eng\d
=040  \\ $a PGUSA $b eng
=042  \\ $a dc
=050  \4$aPR
=100  1\ $a Benson, E. F. $q (Edward Frederic), $d 1867-1940
=245  10 $a Queen Lucia $h [electronic resource] / $c E. F. Benson
=260  \\ $b Project Gutenberg, $c 2004
=506  \\ $a Public domain in the USA.
=516  \\ $a Text
=653  \\ $a Humorous stories
=653  \\ $a Women -- England -- Fiction
=653  \\ $a Lucia (Fictitious character) -- Fiction
=653  \\ $a England -- Social life and customs -- 20th century -- Fiction
=830  \0 $a Project Gutenberg $v 6840
=856  40 $u http://www.gutenberg.org/ebooks/6840

