=LDR  00652nas  2200217uu 4500
=000  00568cam\a22001693a\4500
=001  6841
=003  PGUSA
=005  20161217030037.0
=008  041101s2004||||xxu|||||s|||||000\|\eng\d
=040  \\ $a PGUSA $b eng
=042  \\ $a dc
=050  \4$aDF
=100  1\ $a Wilson, Robert Pierpont, $d 1813-1905
=245  10 $a Mosaics of Grecian History $h [electronic resource] / $c Robert Pierpont Wilson
=260  \\ $b Project Gutenberg, $c 2004
=506  \\ $a Public domain in the USA.
=516  \\ $a Text
=653  \\ $a Greece -- History
=830  \0 $a Project Gutenberg $v 6841
=856  40 $u http://www.gutenberg.org/ebooks/6841

