=LDR  00926nas  2200241uu 4500
=000  00568cam\a22001693a\4500
=001  6842
=003  PGUSA
=005  20161217030037.0
=008  041101s2004||||xxu|||||s|||||000\|\eng\d
=040  \\ $a PGUSA $b eng
=042  \\ $a dc
=050  \4$aB
=100  1\ $a Tagore, Rabindranath, $d 1861-1941
=245  10 $a Sadhana : $b the realisation of life $h [electronic resource] / $c Rabindranath Tagore
=260  \\ $b Project Gutenberg, $c 2004
=505  0\ $a The relation of the individual to the universe -- Soul consciousness -- The problem of evil -- The problem of self -- Realisation in love -- Realisation in action -- The realisation of beauty -- The realisation of the infinite.
=506  \\ $a Public domain in the USA.
=516  \\ $a Text
=653  \\ $a Values
=653  \\ $a Philosophy, Hindu
=830  \0 $a Project Gutenberg $v 6842
=856  40 $u http://www.gutenberg.org/ebooks/6842

