=LDR  00716nas  2200229uu 4500
=000  00568cam\a22001693a\4500
=001  6843
=003  PGUSA
=005  20161217030037.0
=008  041101s2004||||xxu|||||s|||||000\|\eng\d
=040  \\ $a PGUSA $b eng
=042  \\ $a dc
=050  \4$aPS
=100  1\ $a Mair, Charles, $d 1838-1927
=245  10 $a Tecumseh : $b a Drama $h [electronic resource] / $c Charles Mair
=260  \\ $b Project Gutenberg, $c 2004
=506  \\ $a Public domain in the USA.
=516  \\ $a Text
=653  \\ $a Shawnee Indians -- Kings and rulers -- Drama
=653  \\ $a Tecumseh, Shawnee chief, 1768-1813 -- Drama
=830  \0 $a Project Gutenberg $v 6843
=856  40 $u http://www.gutenberg.org/ebooks/6843

