=LDR  00661nas  2200217uu 4500
=000  00568cam\a22001693a\4500
=001  6844
=003  PGUSA
=005  20161217030037.0
=008  041101s2004||||xxu|||||s|||||000\p\eng\d
=040  \\ $a PGUSA $b eng
=042  \\ $a dc
=050  \4$aPS
=100  1\ $a Leprohon, $c Mrs $q (Rosanna Eleanor), $d 1829-1879
=245  14 $a The Poetical Works of Mrs. Leprohon $h [electronic resource] / $c Leprohon,
=260  \\ $b Project Gutenberg, $c 2004
=506  \\ $a Public domain in the USA.
=516  \\ $a Text
=653  \\ $a Canada -- Poetry
=830  \0 $a Project Gutenberg $v 6844
=856  40 $u http://www.gutenberg.org/ebooks/6844

