=LDR  00708nas  2200229uu 4500
=000  00568cam\a22001693a\4500
=001  6845
=003  PGUSA
=005  20161217030037.0
=008  041101s2004||||xxu|||||s|||||000\|\eng\d
=040  \\ $a PGUSA $b eng
=042  \\ $a dc
=050  \4$aPS
=100  1\ $a Richmond, Grace S. $q (Grace Smith), $d 1866-1959
=245  14 $a The Whistling Mother $h [electronic resource] / $c Grace S. Richmond
=260  \\ $b Project Gutenberg, $c 2004
=506  \\ $a Public domain in the USA.
=516  \\ $a Text
=653  \\ $a World War, 1914-1918 -- United States
=653  \\ $a Mothers and sons
=830  \0 $a Project Gutenberg $v 6845
=856  40 $u http://www.gutenberg.org/ebooks/6845

