=LDR  00674nas  2200217uu 4500
=000  00568cam\a22001693a\4500
=001  6846
=003  PGUSA
=005  20161217030037.0
=008  041101s2004||||xxu|||||s|||||000\1\eng\d
=040  \\ $a PGUSA $b eng
=042  \\ $a dc
=050  \4$aPS
=100  1\ $a Parrish, Randall, $d 1858-1923
=245  10 $a My Lady of the North $h [electronic resource] / $c Randall Parrish
=260  \\ $b Project Gutenberg, $c 2004
=506  \\ $a Public domain in the USA.
=516  \\ $a Text
=653  \\ $a United States -- History -- Civil War, 1861-1865 -- Fiction
=830  \0 $a Project Gutenberg $v 6846
=856  40 $u http://www.gutenberg.org/ebooks/6846

