=LDR  00710nas  2200241uu 4500
=000  00568cam\a22001693a\4500
=001  6847
=003  PGUSA
=005  20161217030037.0
=008  041101s2004||||xxu|||||s|||||000\1\eng\d
=040  \\ $a PGUSA $b eng
=042  \\ $a dc
=050  \4$aPS
=100  1\ $a Hergesheimer, Joseph, $d 1880-1954
=245  10 $a Cytherea $h [electronic resource] / $c Joseph Hergesheimer
=260  \\ $b Project Gutenberg, $c 2004
=506  \\ $a Public domain in the USA.
=516  \\ $a Text
=653  \\ $a Cuba -- Fiction
=653  \\ $a Adultery -- Fiction
=653  \\ $a Runaway husbands -- Fiction
=830  \0 $a Project Gutenberg $v 6847
=856  40 $u http://www.gutenberg.org/ebooks/6847

