=LDR  00961nas  2200301uu 4500
=000  00568cam\a22001693a\4500
=001  6848
=003  PGUSA
=005  20161217030037.0
=008  041101s2004||||xxu|||||s|||||000\1\eng\d
=040  \\ $a PGUSA $b eng
=042  \\ $a dc
=050  \4$aPS
=100  1\ $a Wallace, Lew, $d 1827-1905
=245  14 $a The Prince of India; Or, Why Constantinople Fell — Volume 01 $h [electronic resource] / $c Lew Wallace
=260  \\ $b Project Gutenberg, $c 2004
=506  \\ $a Public domain in the USA.
=516  \\ $a Text
=653  \\ $a War stories
=653  \\ $a Fantasy fiction
=653  \\ $a Sieges -- Fiction
=653  \\ $a Wandering Jew -- Fiction
=653  \\ $a Historical fiction
=653  \\ $a Revenge -- Fiction
=653  \\ $a Immortalism -- Fiction
=653  \\ $a Istanbul (Turkey) -- History -- Siege, 1453 -- Fiction
=830  \0 $a Project Gutenberg $v 6848
=856  40 $u http://www.gutenberg.org/ebooks/6848

