=LDR  00776nas  2200241uu 4500
=000  00568cam\a22001693a\4500
=001  6850
=003  PGUSA
=005  20161217030037.0
=008  041101s2004||||xxu|||||s|||||000\1\eng\d
=040  \\ $a PGUSA $b eng
=042  \\ $a dc
=050  \4$aPR
=100  1\ $a Carey, Rosa Nouchette, $d 1840-1909
=245  10 $a Esther : $b a book for girls $h [electronic resource] / $c Rosa Nouchette Carey
=260  \\ $b Project Gutenberg, $c 2004
=506  \\ $a Public domain in the USA.
=516  \\ $a Text
=653  \\ $a Young women -- Fiction
=653  \\ $a England -- Social life and customs -- 19th century -- Fiction
=653  \\ $a Governesses -- Fiction
=830  \0 $a Project Gutenberg $v 6850
=856  40 $u http://www.gutenberg.org/ebooks/6850

