=LDR  00898nas  2200265uu 4500
=000  00568cam\a22001693a\4500
=001  6851
=003  PGUSA
=005  20161217030037.0
=008  041101s2004||||xxu|||||s|||||000\1\eng\d
=040  \\ $a PGUSA $b eng
=042  \\ $a dc
=050  \4$aPZ
=100  1\ $a Emerson, Alice B.
=245  10 $a Ruth Fielding at Snow Camp; Or, Lost in the Backwoods $h [electronic resource] / $c Alice B. Emerson
=260  \\ $b Project Gutenberg, $c 2004
=506  \\ $a Public domain in the USA.
=516  \\ $a Text
=653  \\ $a Canada -- Juvenile fiction
=653  \\ $a Fielding, Ruth (Fictitious character) -- Juvenile fiction
=653  \\ $a Mystery and detective stories
=653  \\ $a Adventure and adventurers -- Juvenile fiction
=653  \\ $a Vacations -- Juvenile fiction
=830  \0 $a Project Gutenberg $v 6851
=856  40 $u http://www.gutenberg.org/ebooks/6851

