=LDR  00748nas  2200241uu 4500
=000  00568cam\a22001693a\4500
=001  6852
=003  PGUSA
=005  20161217030037.0
=008  041101s2004||||xxu|||||s|||||000\1\eng\d
=040  \\ $a PGUSA $b eng
=042  \\ $a dc
=050  \4$aPT
=100  1\ $a Sacher-Masoch, Leopold, Ritter von, $d 1835-1895
=245  10 $a Venus in Furs $h [electronic resource] / $c Leopold, Ritter von Sacher-Masoch
=260  \\ $b Project Gutenberg, $c 2004
=500  \\ $a Translation of Venus im Pelz
=506  \\ $a Public domain in the USA.
=516  \\ $a Text
=653  \\ $a Erotic stories
=653  \\ $a Sadomasochism -- Fiction
=830  \0 $a Project Gutenberg $v 6852
=856  40 $u http://www.gutenberg.org/ebooks/6852

