=LDR  01017nas  2200277uu 4500
=000  00568cam\a22001693a\4500
=001  6854
=003  PGUSA
=005  20161217030037.0
=008  041101s2004||||xxu|||||s|||||000\|\eng\d
=040  \\ $a PGUSA $b eng
=042  \\ $a dc
=050  \4$aPS
=100  1\ $a Campbell, Helen, $d 1839-1918
=245  10 $a Anne Bradstreet and Her Time $h [electronic resource] / $c Helen Campbell
=260  \\ $b Project Gutenberg, $c 2004
=506  \\ $a Public domain in the USA.
=516  \\ $a Text
=653  \\ $a Bradstreet, Anne, 1612?-1672
=653  \\ $a Women and literature -- New England -- History -- 17th century
=653  \\ $a Bradstreet, Anne, 1612?-1672 -- Criticism and interpretation
=653  \\ $a New England -- Intellectual life -- 17th century
=653  \\ $a Puritan women -- New England -- Biography
=653  \\ $a Poets, American -- Colonial period, ca. 1600-1775 -- Biography
=830  \0 $a Project Gutenberg $v 6854
=856  40 $u http://www.gutenberg.org/ebooks/6854

