=LDR  00624nas  2200217uu 4500
=000  00568cam\a22001693a\4500
=001  6855
=003  PGUSA
=005  20161217030037.0
=008  041101s2004||||xxu|||||s|||||000\1\eng\d
=040  \\ $a PGUSA $b eng
=042  \\ $a dc
=050  \4$aPR
=100  1\ $a Grand, Sarah, $d 1854-1943
=245  10 $a Ideala $h [electronic resource] / $c Sarah Grand
=260  \\ $b Project Gutenberg, $c 2004
=506  \\ $a Public domain in the USA.
=516  \\ $a Text
=653  \\ $a Feminists -- England -- Fiction
=830  \0 $a Project Gutenberg $v 6855
=856  40 $u http://www.gutenberg.org/ebooks/6855

