=LDR  00777nas  2200241uu 4500
=000  00568cam\a22001693a\4500
=001  6856
=003  PGUSA
=005  20161217030037.0
=008  041101s2004||||xxu|||||s|||||000\|\eng\d
=040  \\ $a PGUSA $b eng
=042  \\ $a dc
=050  \4$aF106
=100  1\ $a Headley, Joel Tyler, $d 1813-1897
=245  14 $a The Great Riots of New York, 1712 to 1873 $h [electronic resource] / $c Joel Tyler Headley
=260  \\ $b Project Gutenberg, $c 2004
=506  \\ $a Public domain in the USA.
=516  \\ $a Text
=653  \\ $a Draft Riot, New York, N.Y., 1863
=653  \\ $a Riots -- New York (State) -- New York
=653  \\ $a New York (N.Y.) -- History
=830  \0 $a Project Gutenberg $v 6856
=856  40 $u http://www.gutenberg.org/ebooks/6856

