=LDR  00693nas  2200229uu 4500
=000  00568cam\a22001693a\4500
=001  6857
=003  PGUSA
=005  20161217030037.0
=008  041101s2004||||xxu|||||s|||||000\|\eng\d
=040  \\ $a PGUSA $b eng
=042  \\ $a dc
=050  \4$aE011
=100  1\ $a Davis, Andrew McFarland
=245  10 $a Indian Games : $b an historical research $h [electronic resource] / $c Andrew McFarland Davis
=260  \\ $b Project Gutenberg, $c 2004
=506  \\ $a Public domain in the USA.
=516  \\ $a Text
=653  \\ $a Dice
=653  \\ $a Indians of North America -- Games
=830  \0 $a Project Gutenberg $v 6857
=856  40 $u http://www.gutenberg.org/ebooks/6857

