=LDR  00713nas  2200229uu 4500
=000  00568cam\a22001693a\4500
=001  6858
=003  PGUSA
=005  20161217030037.0
=008  041101s2004||||xxu|||||s|||||000\1\eng\d
=040  \\ $a PGUSA $b eng
=042  \\ $a dc
=050  \4$aPZ
=100  1\ $a Chase, Josephine, $d -1931
=245  10 $a Grace Harlowe's Second Year at Overton College $h [electronic resource] / $c Josephine Chase
=260  \\ $b Project Gutenberg, $c 2004
=506  \\ $a Public domain in the USA.
=516  \\ $a Text
=653  \\ $a College stories
=653  \\ $a Women college students -- Juvenile fiction
=830  \0 $a Project Gutenberg $v 6858
=856  40 $u http://www.gutenberg.org/ebooks/6858

