=LDR  00634nas  2200217uu 4500
=000  00568cam\a22001693a\4500
=001  6859
=003  PGUSA
=005  20161217030037.0
=008  041101s2004||||xxu|||||s|||||000\p\eng\d
=040  \\ $a PGUSA $b eng
=042  \\ $a dc
=050  \4$aPJ
=100  1\ $a Rosenfeld, Morris, $d 1862-1923
=245  10 $a Songs of Labor, and Other Poems $h [electronic resource] / $c Morris Rosenfeld
=260  \\ $b Project Gutenberg, $c 2004
=506  \\ $a Public domain in the USA.
=516  \\ $a Text
=653  \\ $a Poetry
=830  \0 $a Project Gutenberg $v 6859
=856  40 $u http://www.gutenberg.org/ebooks/6859

