=LDR  00697nas  2200241uu 4500
=000  00568cam\a22001693a\4500
=001  6860
=003  PGUSA
=005  20161217030037.0
=008  041101s2004||||xxu|||||s|||||000\1\eng\d
=040  \\ $a PGUSA $b eng
=042  \\ $a dc
=050  \4$aPZ
=050  \4$aPS
=100  1\ $a Abbott, Jane, $d 1881-1968
=245  10 $a Keineth $h [electronic resource] / $c Jane Abbott
=260  \\ $b Project Gutenberg, $c 2004
=506  \\ $a Public domain in the USA.
=516  \\ $a Text
=653  \\ $a Girls -- Juvenile fiction
=653  \\ $a World War, 1914-1918 -- Juvenile fiction
=830  \0 $a Project Gutenberg $v 6860
=856  40 $u http://www.gutenberg.org/ebooks/6860

