=LDR  00689nas  2200217uu 4500
=000  00568cam\a22001693a\4500
=001  6861
=003  PGUSA
=005  20161217030037.0
=008  051028s2005||||xxu|||||s|||||000\|\eng\d
=040  \\ $a PGUSA $b eng
=042  \\ $a dc
=050  \4$aPQ
=100  1\ $a Balzac, Honoré de, $d 1799-1850
=245  10 $a Vautrin : $b A Drama in Five Acts $h [electronic resource] / $c Honoré de Balzac
=260  \\ $b Project Gutenberg, $c 2005
=506  \\ $a Public domain in the USA.
=516  \\ $a Text
=653  \\ $a French drama -- 19th century -- Translations into English
=830  \0 $a Project Gutenberg $v 6861
=856  40 $u http://www.gutenberg.org/ebooks/6861

