=LDR  00660nas  2200229uu 4500
=000  00568cam\a22001693a\4500
=001  6862
=003  PGUSA
=005  20161217030037.0
=008  041101s2004||||xxu|||||s|||||000\1\eng\d
=040  \\ $a PGUSA $b eng
=042  \\ $a dc
=050  \4$aPS
=100  1\ $a Colton, Arthur, $d 1868-1943
=245  14 $a The Belted Seas $h [electronic resource] / $c Arthur Colton
=260  \\ $b Project Gutenberg, $c 2004
=506  \\ $a Public domain in the USA.
=516  \\ $a Text
=653  \\ $a Ship captains -- Fiction
=653  \\ $a Sea stories
=830  \0 $a Project Gutenberg $v 6862
=856  40 $u http://www.gutenberg.org/ebooks/6862

