=LDR  00852nas  2200241uu 4500
=000  00568cam\a22001693a\4500
=001  6863
=003  PGUSA
=005  20161217030037.0
=008  041101s2004||||xxu|||||s|||||000\|\eng\d
=040  \\ $a PGUSA $b eng
=042  \\ $a dc
=050  \4$aE186
=100  1\ $a Wrong, George McKinnon, $d 1860-1948
=245  14 $a The Passing of New France : $b a Chronicle of Montcalm $h [electronic resource] / $c George McKinnon Wrong
=260  \\ $b Project Gutenberg, $c 2004
=506  \\ $a Public domain in the USA.
=516  \\ $a Text
=653  \\ $a Montcalm de Saint-Véran, Louis-Joseph, marquis de, 1712-1759
=653  \\ $a United States -- History -- French and Indian War, 1754-1763
=653  \\ $a Canada -- History -- 1755-1763
=830  \0 $a Project Gutenberg $v 6863
=856  40 $u http://www.gutenberg.org/ebooks/6863

