=LDR  00673nas  2200229uu 4500
=000  00568cam\a22001693a\4500
=001  6864
=003  PGUSA
=005  20161217030037.0
=008  041101s2004||||xxu|||||s|||||000\1\eng\d
=040  \\ $a PGUSA $b eng
=042  \\ $a dc
=050  \4$aPS
=100  1\ $a Adams, Samuel Hopkins, $d 1871-1958
=245  10 $a Average Jones $h [electronic resource] / $c Samuel Hopkins Adams
=260  \\ $b Project Gutenberg, $c 2004
=506  \\ $a Public domain in the USA.
=516  \\ $a Text
=653  \\ $a Detective and mystery stories
=653  \\ $a Fiction
=830  \0 $a Project Gutenberg $v 6864
=856  40 $u http://www.gutenberg.org/ebooks/6864

