=LDR  00717nas  2200229uu 4500
=000  00568cam\a22001693a\4500
=001  6865
=003  PGUSA
=005  20161217030037.0
=008  041101s2004||||xxu|||||s|||||000\|\eng\d
=040  \\ $a PGUSA $b eng
=042  \\ $a dc
=050  \4$aPR
=100  1\ $a Yeats, W. B. $q (William Butler), $d 1865-1939
=245  10 $a Four Years $h [electronic resource] / $c W. B. Yeats
=260  \\ $b Project Gutenberg, $c 2004
=506  \\ $a Public domain in the USA.
=516  \\ $a Text
=653  \\ $a Poets, Irish -- 20th century -- Biography
=653  \\ $a Yeats, W. B. (William Butler), 1865-1939
=830  \0 $a Project Gutenberg $v 6865
=856  40 $u http://www.gutenberg.org/ebooks/6865

