=LDR  00689nas  2200229uu 4500
=000  00568cam\a22001693a\4500
=001  6866
=003  PGUSA
=005  20161217030037.0
=008  041101s2004||||xxu|||||s|||||000\1\eng\d
=040  \\ $a PGUSA $b eng
=042  \\ $a dc
=050  \4$aPS
=100  1\ $a Baldwin, James, $d 1841-1925
=245  14 $a The Story of Siegfried $h [electronic resource] / $c James Baldwin
=260  \\ $b Project Gutenberg, $c 2004
=506  \\ $a Public domain in the USA.
=516  \\ $a Text
=653  \\ $a Fantasy fiction
=653  \\ $a Siegfried (Legendary character) -- Fiction
=830  \0 $a Project Gutenberg $v 6866
=856  40 $u http://www.gutenberg.org/ebooks/6866

