=LDR  00697nas  2200217uu 4500
=000  00568cam\a22001693a\4500
=001  6867
=003  PGUSA
=005  20161217030037.0
=008  040601s2004||||xxu|||||s|||||000\|\eng\d
=040  \\ $a PGUSA $b eng
=042  \\ $a dc
=050  \4$aDS
=100  1\ $a Robertson, James Alexander, $d 1873-1939
=245  10 $a Lineage, Life and Labors of José Rizal, Philippine Patriot $h [electronic resource] / $c James Alexander Robertson
=260  \\ $b Project Gutenberg, $c 2004
=506  \\ $a Public domain in the USA.
=516  \\ $a Text
=653  \\ $a Rizal, José, 1861-1896
=830  \0 $a Project Gutenberg $v 6867
=856  40 $u http://www.gutenberg.org/ebooks/6867

