=LDR  00743nas  2200229uu 4500
=000  00568cam\a22001693a\4500
=001  6868
=003  PGUSA
=005  20161217030037.0
=008  041101s2004||||xxu|||||s|||||000\|\eng\d
=040  \\ $a PGUSA $b eng
=042  \\ $a dc
=050  \4$aHV
=100  1\ $a Chisholm, Addie
=245  10 $a Why and How : $b a hand-book for the use of the W.C.T. unions in Canada $h [electronic resource] / $c Addie Chisholm
=260  \\ $b Project Gutenberg, $c 2004
=506  \\ $a Public domain in the USA.
=516  \\ $a Text
=653  \\ $a Temperance -- Societies, etc.
=653  \\ $a Woman's Christian Temperance Union -- History
=830  \0 $a Project Gutenberg $v 6868
=856  40 $u http://www.gutenberg.org/ebooks/6868

