=LDR  00639nas  2200217uu 4500
=000  00568cam\a22001693a\4500
=001  6869
=003  PGUSA
=005  20161217030037.0
=008  041101s2004||||xxu|||||s|||||000\|\eng\d
=040  \\ $a PGUSA $b eng
=042  \\ $a dc
=050  \4$aF106
=245  14 $a The American Goliah $h [electronic resource] / $c Anonymous
=260  \\ $b Project Gutenberg, $c 2004
=506  \\ $a Public domain in the USA.
=516  \\ $a Text
=653  \\ $a Cardiff giant
=653  \\ $a Geology -- New York (State) -- Onondaga County
=830  \0 $a Project Gutenberg $v 6869
=856  40 $u http://www.gutenberg.org/ebooks/6869

