=LDR  00701nas  2200217uu 4500
=000  00568cam\a22001693a\4500
=001  6870
=003  PGUSA
=005  20161217030037.0
=008  041101s2004||||xxu|||||s|||||000\|\eng\d
=040  \\ $a PGUSA $b eng
=042  \\ $a dc
=050  \4$aD501
=100  1\ $a Wilson, Woodrow, $d 1856-1924
=245  10 $a Why We Are at War : $b Messages to the Congress January to April 1917 $h [electronic resource] / $c Woodrow Wilson
=260  \\ $b Project Gutenberg, $c 2004
=506  \\ $a Public domain in the USA.
=516  \\ $a Text
=653  \\ $a World War, 1914-1918 -- United States
=830  \0 $a Project Gutenberg $v 6870
=856  40 $u http://www.gutenberg.org/ebooks/6870

