=LDR  00836nas  2200241uu 4500
=000  00568cam\a22001693a\4500
=001  6871
=003  PGUSA
=005  20161217030037.0
=008  041101s2004||||xxu|||||s|||||000\|\eng\d
=040  \\ $a PGUSA $b eng
=042  \\ $a dc
=050  \4$aM
=100  1\ $a Beethoven, Ludwig van, $d 1770-1827
=245  10 $a String Quartet No. 09 in C major Opus 59 $h [electronic resource] / $c Ludwig van Beethoven
=260  \\ $b Project Gutenberg, $c 2004
=500  \\ $a This item is missing the Viola and Cello parts. They are included in the "complete" score files, but not as separate parts.
=506  \\ $a Public domain in the USA.
=516  \\ $a Image
=653  \\ $a Music
=653  \\ $a String quartets -- Scores
=830  \0 $a Project Gutenberg $v 6871
=856  40 $u http://www.gutenberg.org/ebooks/6871

