=LDR  00794nas  2200241uu 4500
=000  00568cam\a22001693a\4500
=001  6872
=003  PGUSA
=005  20161217030037.0
=008  041101s2004||||xxu|||||s|||||000\1\eng\d
=040  \\ $a PGUSA $b eng
=042  \\ $a dc
=050  \4$aPS
=100  1\ $a Glasgow, Ellen Anderson Gholson, $d 1873-1945
=245  14 $a The Battle Ground $h [electronic resource] / $c Ellen Anderson Gholson Glasgow
=260  \\ $b Project Gutenberg, $c 2004
=506  \\ $a Public domain in the USA.
=516  \\ $a Text
=653  \\ $a Historical fiction
=653  \\ $a United States -- History -- Civil War, 1861-1865 -- Fiction
=653  \\ $a Southern States -- History -- Fiction
=830  \0 $a Project Gutenberg $v 6872
=856  40 $u http://www.gutenberg.org/ebooks/6872

