=LDR  00700nas  2200229uu 4500
=000  00568cam\a22001693a\4500
=001  6873
=003  PGUSA
=005  20161217030037.0
=008  041101s2004||||xxu|||||s|||||000\|\eng\d
=040  \\ $a PGUSA $b eng
=042  \\ $a dc
=050  \4$aPS
=100  1\ $a Henderson, Archibald, $d 1877-1963
=245  10 $a Mark Twain $h [electronic resource] / $c Archibald Henderson
=260  \\ $b Project Gutenberg, $c 2004
=506  \\ $a Public domain in the USA.
=516  \\ $a Text
=653  \\ $a Authors, American -- 19th century -- Biography
=653  \\ $a Twain, Mark, 1835-1910
=830  \0 $a Project Gutenberg $v 6873
=856  40 $u http://www.gutenberg.org/ebooks/6873

