=LDR  00768nas  2200241uu 4500
=000  00568cam\a22001693a\4500
=001  6874
=003  PGUSA
=005  20161217030037.0
=008  041101s2004||||xxu|||||s|||||000\|\eng\d
=040  \\ $a PGUSA $b eng
=042  \\ $a dc
=050  \4$aF1001
=100  1\ $a Watkin, E. W., $c Sir $q (Edward William), $d 1819-1901
=245  10 $a Canada and the States $h [electronic resource] / $c E. W., Watkin
=260  \\ $b Project Gutenberg, $c 2004
=506  \\ $a Public domain in the USA.
=516  \\ $a Text
=653  \\ $a Canada -- Description and travel
=653  \\ $a United States -- Description and travel
=653  \\ $a Canada -- History
=830  \0 $a Project Gutenberg $v 6874
=856  40 $u http://www.gutenberg.org/ebooks/6874

