=LDR  00787nas  2200229uu 4500
=000  00568cam\a22001693a\4500
=001  6875
=003  PGUSA
=005  20161217030037.0
=008  041101s2004||||xxu|||||s|||||000\|\eng\d
=040  \\ $a PGUSA $b eng
=042  \\ $a dc
=050  \4$aF1001
=100  1\ $a Parkman, Francis, $d 1823-1893
=245  10 $a France and England in N America, Part V : $b Count Frontenac, New France, Louis XIV $h [electronic resource] / $c Francis Parkman
=260  \\ $b Project Gutenberg, $c 2004
=506  \\ $a Public domain in the USA.
=516  \\ $a Text
=653  \\ $a Canada -- History -- To 1763 (New France)
=653  \\ $a Frontenac, Louis de Buade, comte de, 1620-1698
=830  \0 $a Project Gutenberg $v 6875
=856  40 $u http://www.gutenberg.org/ebooks/6875

