=LDR  00741nas  2200229uu 4500
=000  00568cam\a22001693a\4500
=001  6876
=003  PGUSA
=005  20161217030037.0
=008  041101s2004||||xxu|||||s|||||000\|\eng\d
=040  \\ $a PGUSA $b eng
=042  \\ $a dc
=050  \4$aHC
=100  1\ $a Rayleigh, Clara, $d -1900
=245  14 $a The British Association's Visit to Montreal, 1884 : $b Letters $h [electronic resource] / $c Clara Rayleigh
=260  \\ $b Project Gutenberg, $c 2004
=506  \\ $a Public domain in the USA.
=516  \\ $a Text
=653  \\ $a United States -- Description and travel
=653  \\ $a Canada -- Description and travel
=830  \0 $a Project Gutenberg $v 6876
=856  40 $u http://www.gutenberg.org/ebooks/6876

