=LDR  00898nas  2200241uu 4500
=000  00568cam\a22001693a\4500
=001  6878
=003  PGUSA
=005  20161217030037.0
=008  041101s2004||||xxu|||||s|||||000\|\eng\d
=040  \\ $a PGUSA $b eng
=042  \\ $a dc
=050  \4$aPA
=100  1\ $a Kennedy, Charles Rann, $d 1808-1867
=245  14 $a The Olynthiacs and the Phillippics of Demosthenes : $b $b Literally translated with notes $h [electronic resource] / $c Charles Rann Kennedy
=260  \\ $b Project Gutenberg, $c 2004
=506  \\ $a Public domain in the USA.
=516  \\ $a Text
=653  \\ $a Speeches, addresses, etc., Greek -- Translations into English
=653  \\ $a Demosthenes -- Translations into English
=653  \\ $a Athens (Greece) -- Politics and government -- Early works to 1800
=830  \0 $a Project Gutenberg $v 6878
=856  40 $u http://www.gutenberg.org/ebooks/6878

