=LDR  00656nas  2200217uu 4500
=000  00568cam\a22001693a\4500
=001  6881
=003  PGUSA
=005  20161217030037.0
=008  041101s2004||||xxu|||||s|||||000\|\eng\d
=040  \\ $a PGUSA $b eng
=042  \\ $a dc
=050  \4$aPR
=100  1\ $a De Quincey, Thomas, $d 1785-1859
=245  10 $a Note Book of an English Opium-Eater $h [electronic resource] / $c Thomas De Quincey
=260  \\ $b Project Gutenberg, $c 2004
=506  \\ $a Public domain in the USA.
=516  \\ $a Text
=653  \\ $a Opium abuse -- England
=830  \0 $a Project Gutenberg $v 6881
=856  40 $u http://www.gutenberg.org/ebooks/6881

