=LDR  00683nas  2200229uu 4500
=000  00568cam\a22001693a\4500
=001  6882
=003  PGUSA
=005  20161217030037.0
=008  041101s2004||||xxu|||||s|||||000\|\eng\d
=040  \\ $a PGUSA $b eng
=042  \\ $a dc
=050  \4$aPS
=100  1\ $a Day, Clarence, $d 1874-1935
=245  10 $a This Simian World $h [electronic resource] / $c Clarence Day
=260  \\ $b Project Gutenberg, $c 2004
=506  \\ $a Public domain in the USA.
=516  \\ $a Text
=653  \\ $a American wit and humor
=653  \\ $a Evolution (Biology) -- Wit and humor
=830  \0 $a Project Gutenberg $v 6882
=856  40 $u http://www.gutenberg.org/ebooks/6882

