=LDR  00626nas  2200205uu 4500
=000  00568cam\a22001693a\4500
=001  6883
=003  PGUSA
=005  20161217030037.0
=008  041101s2004||||xxu|||||s|||||000\|\eng\d
=040  \\ $a PGUSA $b eng
=042  \\ $a dc
=050  \4$aBX
=245  14 $a The Life of Venerable Sister Margaret Bourgeois $h [electronic resource] / $c Anonymous
=260  \\ $b Project Gutenberg, $c 2004
=506  \\ $a Public domain in the USA.
=516  \\ $a Text
=653  \\ $a Bourgeoys, Marguerite, Saint, 1620-1700
=830  \0 $a Project Gutenberg $v 6883
=856  40 $u http://www.gutenberg.org/ebooks/6883

