=LDR  01049nas  2200313uu 4500
=000  00568cam\a22001693a\4500
=001  6884
=003  PGUSA
=005  20161217030037.0
=008  041101s2004||||xxu|||||s|||||000\1\eng\d
=040  \\ $a PGUSA $b eng
=042  \\ $a dc
=050  \4$aPS
=100  1\ $a Atherton, Gertrude Franklin Horn, $d 1857-1948
=245  10 $a Sleeping Fires : $b a Novel $h [electronic resource] / $c Gertrude Franklin Horn Atherton
=260  \\ $b Project Gutenberg, $c 2004
=506  \\ $a Public domain in the USA.
=516  \\ $a Text
=653  \\ $a Domestic fiction
=653  \\ $a Books and reading -- Fiction
=653  \\ $a Autobiographical fiction
=653  \\ $a Psychological fiction
=653  \\ $a Depression, Mental -- Fiction
=653  \\ $a Journalists -- Fiction
=653  \\ $a San Francisco (Calif.) -- Fiction
=653  \\ $a Triangles (Interpersonal relations) -- Fiction
=653  \\ $a Married women -- Fiction
=830  \0 $a Project Gutenberg $v 6884
=856  40 $u http://www.gutenberg.org/ebooks/6884

