=LDR  00667nas  2200229uu 4500
=000  00568cam\a22001693a\4500
=001  6885
=003  PGUSA
=005  20161217030037.0
=008  041101s2004||||xxu|||||s|||||000\|\eng\d
=040  \\ $a PGUSA $b eng
=042  \\ $a dc
=050  \4$aDS
=050  \4$aHN
=100  1\ $a Rizal, José, $d 1861-1896
=245  14 $a The Indolence of the Filipino $h [electronic resource] / $c José Rizal
=260  \\ $b Project Gutenberg, $c 2004
=506  \\ $a Public domain in the USA.
=516  \\ $a Text
=653  \\ $a Philippines -- Social conditions
=830  \0 $a Project Gutenberg $v 6885
=856  40 $u http://www.gutenberg.org/ebooks/6885

