=LDR  00772nas  2200241uu 4500
=000  00568cam\a22001693a\4500
=001  6886
=003  PGUSA
=005  20161217030037.0
=008  041101s2004||||xxu|||||s|||||000\|\eng\d
=040  \\ $a PGUSA $b eng
=042  \\ $a dc
=050  \4$aDT
=100  1\ $a Burton, Richard Francis, $c Sir, $d 1821-1890
=245  10 $a First Footsteps in East Africa $h [electronic resource] / $c Richard Francis, Burton
=260  \\ $b Project Gutenberg, $c 2004
=506  \\ $a Public domain in the USA.
=516  \\ $a Text
=653  \\ $a Harar -- Description and travel
=653  \\ $a Harari language
=653  \\ $a Horn of Africa -- Description and travel
=830  \0 $a Project Gutenberg $v 6886
=856  40 $u http://www.gutenberg.org/ebooks/6886

