=LDR  00703nas  2200229uu 4500
=000  00568cam\a22001693a\4500
=001  6887
=003  PGUSA
=005  20161217030037.0
=008  041101s2004||||xxu|||||s|||||000\|\ita\d
=040  \\ $a PGUSA $b ita
=042  \\ $a dc
=050  \4$aDG
=100  1\ $a Cantù, Cesare, $d 1804-1895
=245  13 $a Il Sacro Macello Di Valtellina $h [electronic resource] / $c Cesare Cantù
=260  \\ $b Project Gutenberg, $c 2004
=506  \\ $a Public domain in the USA.
=516  \\ $a Text
=653  \\ $a Reformation -- Italy -- Valtellina
=653  \\ $a Valtellina (Italy) -- History
=830  \0 $a Project Gutenberg $v 6887
=856  40 $u http://www.gutenberg.org/ebooks/6887

