=LDR  00972nas  2200253uu 4500
=000  00568cam\a22001693a\4500
=001  6888
=003  PGUSA
=005  20161217030037.0
=008  041101s2004||||xxu|||||s|||||000\|\eng\d
=040  \\ $a PGUSA $b eng
=042  \\ $a dc
=050  \4$aE660
=100  1\ $a Parker, John H. $q (John Henry), $d 1866-
=245  10 $a History of the Gatling Gun Detachment, Fifth Army Corps, at Santiago : $b $b With a Few Unvarnished Truths Concerning that Expedition $h [electronic resource] / $c John H. Parker
=260  \\ $b Project Gutenberg, $c 2004
=506  \\ $a Public domain in the USA.
=516  \\ $a Text
=653  \\ $a Spanish-American War, 1898 -- Personal narratives
=653  \\ $a Gatling guns
=653  \\ $a Spanish-American War, 1898 -- Regimental histories
=653  \\ $a United States artillery. Gatling gun detachment (5th corps) 1898
=830  \0 $a Project Gutenberg $v 6888
=856  40 $u http://www.gutenberg.org/ebooks/6888

