=LDR  00704nas  2200217uu 4500
=000  00568cam\a22001693a\4500
=001  6889
=003  PGUSA
=005  20161217030037.0
=008  041101s2004||||xxu|||||s|||||000\|\ger\d
=040  \\ $a PGUSA $b ger
=042  \\ $a dc
=050  \4$aN
=100  1\ $a Lessing, Gotthold Ephraim, $d 1729-1781
=245  10 $a Laokoon : $b Oder, Über die Grenzen der Malerei und Poesie $h [electronic resource] / $c Gotthold Ephraim Lessing
=260  \\ $b Project Gutenberg, $c 2004
=506  \\ $a Public domain in the USA.
=516  \\ $a Text
=653  \\ $a Aesthetics -- Early works to 1800
=830  \0 $a Project Gutenberg $v 6889
=856  40 $u http://www.gutenberg.org/ebooks/6889

