=LDR  00685nas  2200229uu 4500
=000  00568cam\a22001693a\4500
=001  6890
=003  PGUSA
=005  20161217030037.0
=008  041101s2004||||xxu|||||s|||||000\|\ger\d
=040  \\ $a PGUSA $b ger
=042  \\ $a dc
=050  \4$aPT
=100  1\ $a Hauff, Wilhelm, $d 1802-1827
=245  10 $a Mitteilungen aus den Memoiren des Satan — Band 1 $h [electronic resource] / $c Wilhelm Hauff
=260  \\ $b Project Gutenberg, $c 2004
=506  \\ $a Public domain in the USA.
=516  \\ $a Text
=653  \\ $a Satire
=653  \\ $a Devil in literature
=830  \0 $a Project Gutenberg $v 6890
=856  40 $u http://www.gutenberg.org/ebooks/6890

