=LDR  00676nas  2200217uu 4500
=000  00568cam\a22001693a\4500
=001  6893
=003  PGUSA
=005  20161217030037.0
=008  041101s2004||||xxu|||||s|||||000\1\eng\d
=040  \\ $a PGUSA $b eng
=042  \\ $a dc
=050  \4$aPS
=100  1\ $a Chambers, Robert W. $q (Robert William), $d 1865-1933
=245  10 $a In the Quarter $h [electronic resource] / $c Robert W. Chambers
=260  \\ $b Project Gutenberg, $c 2004
=506  \\ $a Public domain in the USA.
=516  \\ $a Text
=653  \\ $a Quartier latin (Paris, France) -- Fiction
=830  \0 $a Project Gutenberg $v 6893
=856  40 $u http://www.gutenberg.org/ebooks/6893

