=LDR  00759nas  2200229uu 4500
=000  00568cam\a22001693a\4500
=001  6894
=003  PGUSA
=005  20161217030037.0
=008  041101s2004||||xxu|||||s|||||000\|\eng\d
=040  \\ $a PGUSA $b eng
=042  \\ $a dc
=050  \4$aF850.5
=100  1\ $a Field, Maria Antonia, $d 1885-
=245  10 $a Chimes of Mission Bells; an historical sketch of California and her missions $h [electronic resource] / $c Maria Antonia Field
=260  \\ $b Project Gutenberg, $c 2004
=506  \\ $a Public domain in the USA.
=516  \\ $a Text
=653  \\ $a Missions -- California
=653  \\ $a Spanish mission buildings -- California
=830  \0 $a Project Gutenberg $v 6894
=856  40 $u http://www.gutenberg.org/ebooks/6894

