=LDR  00704nas  2200217uu 4500
=000  00568cam\a22001693a\4500
=001  6895
=003  PGUSA
=005  20161217030037.0
=008  041101s2004||||xxu|||||s|||||000\1\eng\d
=040  \\ $a PGUSA $b eng
=042  \\ $a dc
=050  \4$aPZ
=100  1\ $a Frey, Hildegard G., $d 1891-1957
=245  14 $a The Camp Fire Girls Go Motoring; Or, Along the Road That Leads the Way $h [electronic resource] / $c Hildegard G. Frey
=260  \\ $b Project Gutenberg, $c 2004
=506  \\ $a Public domain in the USA.
=516  \\ $a Text
=653  \\ $a Camp Fire Girls -- Juvenile fiction
=830  \0 $a Project Gutenberg $v 6895
=856  40 $u http://www.gutenberg.org/ebooks/6895

