=LDR  00663nas  2200217uu 4500
=000  00568cam\a22001693a\4500
=001  6896
=003  PGUSA
=005  20161217030037.0
=008  041101s2004||||xxu|||||s|||||000\|\eng\d
=040  \\ $a PGUSA $b eng
=042  \\ $a dc
=050  \4$aE151
=100  1\ $a McMaster, John Bach, $d 1852-1932
=245  12 $a A Brief History of the United States $h [electronic resource] / $c John Bach McMaster
=260  \\ $b Project Gutenberg, $c 2004
=506  \\ $a Public domain in the USA.
=516  \\ $a Text
=653  \\ $a United States -- History
=830  \0 $a Project Gutenberg $v 6896
=856  40 $u http://www.gutenberg.org/ebooks/6896

