=LDR  00785nas  2200253uu 4500
=000  00568cam\a22001693a\4500
=001  6897
=003  PGUSA
=005  20161217030037.0
=008  041101s2004||||xxu|||||s|||||000\1\eng\d
=040  \\ $a PGUSA $b eng
=042  \\ $a dc
=050  \4$aPZ
=050  \4$aPR
=100  1\ $a Marryat, Frederick, $d 1792-1848
=245  14 $a The Little Savage $h [electronic resource] / $c Frederick Marryat
=260  \\ $b Project Gutenberg, $c 2004
=506  \\ $a Public domain in the USA.
=516  \\ $a Text
=653  \\ $a Missionaries -- Juvenile fiction
=653  \\ $a Islands of the Pacific -- Juvenile fiction
=653  \\ $a Shipwreck survival -- Juvenile fiction
=830  \0 $a Project Gutenberg $v 6897
=856  40 $u http://www.gutenberg.org/ebooks/6897

