=LDR  00771nas  2200241uu 4500
=000  00568cam\a22001693a\4500
=001  6898
=003  PGUSA
=005  20161217030037.0
=008  041101s2004||||xxu|||||s|||||000\1\eng\d
=040  \\ $a PGUSA $b eng
=042  \\ $a dc
=050  \4$aPZ
=050  \4$aPS
=100  1\ $a Forbes, Graham B.
=245  14 $a The Boys of Columbia High on the Gridiron ; $b or, the Struggle for the Silver Cup $h [electronic resource] / $c Graham B. Forbes
=260  \\ $b Project Gutenberg, $c 2004
=506  \\ $a Public domain in the USA.
=516  \\ $a Text
=653  \\ $a High school students -- Juvenile fiction
=653  \\ $a Football -- Juvenile fiction
=830  \0 $a Project Gutenberg $v 6898
=856  40 $u http://www.gutenberg.org/ebooks/6898

