=LDR  00720nas  2200241uu 4500
=000  00568cam\a22001693a\4500
=001  6899
=003  PGUSA
=005  20161217030037.0
=008  041101s2004||||xxu|||||s|||||000\1\eng\d
=040  \\ $a PGUSA $b eng
=042  \\ $a dc
=050  \4$aPR
=050  \4$aPZ
=100  1\ $a Meade, L. T., $d 1854-1914
=245  14 $a The Children's Pilgrimage $h [electronic resource] / $c L. T. Meade
=260  \\ $b Project Gutenberg, $c 2004
=506  \\ $a Public domain in the USA.
=516  \\ $a Text
=653  \\ $a Family life -- Juvenile fiction
=653  \\ $a Voyages and travels -- Juvenile fiction
=830  \0 $a Project Gutenberg $v 6899
=856  40 $u http://www.gutenberg.org/ebooks/6899

