=LDR  00772nas  2200241uu 4500
=000  00568cam\a22001693a\4500
=001  6900
=003  PGUSA
=005  20161217030037.0
=008  041101s2004||||xxu|||||s|||||000\1\eng\d
=040  \\ $a PGUSA $b eng
=042  \\ $a dc
=050  \4$aPG
=100  1\ $a Garnett, Constance, $d 1861-1946
=245  10 $a Rudin : $b A Novel $h [electronic resource] / $c Constance Garnett
=260  \\ $b Project Gutenberg, $c 2004
=506  \\ $a Public domain in the USA.
=516  \\ $a Text
=653  \\ $a Upper class -- Russia -- Fiction
=653  \\ $a Russia -- Intellectual life -- 1801-1917 -- Fiction
=653  \\ $a Man-woman relationships -- Fiction
=830  \0 $a Project Gutenberg $v 6900
=856  40 $u http://www.gutenberg.org/ebooks/6900

