=LDR  00637nas  2200217uu 4500
=000  00568cam\a22001693a\4500
=001  6901
=003  PGUSA
=005  20161217030037.0
=008  041101s2004||||xxu|||||s|||||000\1\eng\d
=040  \\ $a PGUSA $b eng
=042  \\ $a dc
=050  \4$aPR
=100  1\ $a Middleton, Lydia Miller, $d 1866-1934
=245  14 $a The Happy Adventurers $h [electronic resource] / $c Lydia Miller Middleton
=260  \\ $b Project Gutenberg, $c 2004
=506  \\ $a Public domain in the USA.
=516  \\ $a Text
=653  \\ $a Fiction
=830  \0 $a Project Gutenberg $v 6901
=856  40 $u http://www.gutenberg.org/ebooks/6901

