=LDR  00755nas  2200241uu 4500
=000  00568cam\a22001693a\4500
=001  6902
=003  PGUSA
=005  20161217030037.0
=008  041101s2004||||xxu|||||s|||||000\1\eng\d
=040  \\ $a PGUSA $b eng
=042  \\ $a dc
=050  \4$aPG
=100  1\ $a Turgenev, Ivan Sergeevich, $d 1818-1883
=240  10 $a Nakanune. $l English
=245  10 $a On the Eve : $b A Novel $h [electronic resource] / $c Ivan Sergeevich Turgenev
=260  \\ $b Project Gutenberg, $c 2004
=506  \\ $a Public domain in the USA.
=516  \\ $a Text
=653  \\ $a Russia -- Social life and customs -- Fiction
=740  0\ $a Nakanune. English
=830  \0 $a Project Gutenberg $v 6902
=856  40 $u http://www.gutenberg.org/ebooks/6902

