=LDR  00940nas  2200277uu 4500
=000  00568cam\a22001693a\4500
=001  6904
=003  PGUSA
=005  20161217030037.0
=008  041101s2004||||xxu|||||s|||||000\1\eng\d
=040  \\ $a PGUSA $b eng
=042  \\ $a dc
=050  \4$aPS
=050  \4$aPZ
=100  1\ $a Ralphson, G. Harvey $q (George Harvey), $d 1879-1940
=245  10 $a Boy Scouts in an Airship; Or, The Warning from the Sky $h [electronic resource] / $c G. Harvey Ralphson
=260  \\ $b Project Gutenberg, $c 2004
=506  \\ $a Public domain in the USA.
=516  \\ $a Text
=653  \\ $a Aeronautics -- Juvenile fiction
=653  \\ $a Boy Scouts -- Juvenile fiction
=653  \\ $a South America -- Juvenile fiction
=653  \\ $a Paraguay -- Juvenile fiction
=653  \\ $a United States. Secret Service -- Juvenile fiction
=830  \0 $a Project Gutenberg $v 6904
=856  40 $u http://www.gutenberg.org/ebooks/6904

