=LDR  00777nas  2200241uu 4500
=000  00568cam\a22001693a\4500
=001  6905
=003  PGUSA
=005  20161217030037.0
=008  041101s2004||||xxu|||||s|||||000\1\eng\d
=040  \\ $a PGUSA $b eng
=042  \\ $a dc
=050  \4$aPZ
=100  1\ $a Goldfrap, John Henry, $d 1879-1917
=245  14 $a The Boy Aviators in Africa; Or, an Aerial Ivory Trail $h [electronic resource] / $c John Henry Goldfrap
=260  \\ $b Project Gutenberg, $c 2004
=506  \\ $a Public domain in the USA.
=516  \\ $a Text
=653  \\ $a Aeronautics -- Juvenile fiction
=653  \\ $a Flight -- Juvenile fiction
=653  \\ $a Africa -- Juvenile fiction
=830  \0 $a Project Gutenberg $v 6905
=856  40 $u http://www.gutenberg.org/ebooks/6905

