=LDR  00931nas  2200289uu 4500
=000  00568cam\a22001693a\4500
=001  6906
=003  PGUSA
=005  20161217030037.0
=008  041101s2004||||xxu|||||s|||||000\1\eng\d
=040  \\ $a PGUSA $b eng
=042  \\ $a dc
=050  \4$aPS
=100  1\ $a Ellis, Edward Sylvester, $d 1840-1916
=245  14 $a The Lost Trail $h [electronic resource] / $c Edward Sylvester Ellis
=260  \\ $b Project Gutenberg, $c 2004
=506  \\ $a Public domain in the USA.
=516  \\ $a Text
=653  \\ $a Dakota Indians -- Fiction
=653  \\ $a Frontier and pioneer life -- Mississippi River Valley -- Fiction
=653  \\ $a Love stories, American
=653  \\ $a Minnesota -- Fiction
=653  \\ $a Dime novels
=653  \\ $a Indian captivities -- Fiction
=653  \\ $a Missionaries -- Fiction
=830  \0 $a Project Gutenberg $v 6906
=856  40 $u http://www.gutenberg.org/ebooks/6906

