=LDR  00712nas  2200229uu 4500
=000  00568cam\a22001693a\4500
=001  6907
=003  PGUSA
=005  20161217030037.0
=008  041101s2004||||xxu|||||s|||||000\1\eng\d
=040  \\ $a PGUSA $b eng
=042  \\ $a dc
=050  \4$aPS
=050  \4$aHC
=100  1\ $a Potter, Austin, $d 1842-1913
=245  10 $a From Wealth to Poverty; Or, the Tricks of the Traffic. A Story of the Drink Curse $h [electronic resource] / $c Austin Potter
=260  \\ $b Project Gutenberg, $c 2004
=506  \\ $a Public domain in the USA.
=516  \\ $a Text
=653  \\ $a Temperance -- Fiction
=830  \0 $a Project Gutenberg $v 6907
=856  40 $u http://www.gutenberg.org/ebooks/6907

