=LDR  00759nas  2200241uu 4500
=000  00568cam\a22001693a\4500
=001  6908
=003  PGUSA
=005  20161217030037.0
=008  041101s2004||||xxu|||||s|||||000\1\eng\d
=040  \\ $a PGUSA $b eng
=042  \\ $a dc
=050  \4$aPZ
=050  \4$aPS
=100  1\ $a Sayler, H. L. $q (Harry Lincoln), $d 1863-
=245  14 $a The Air Ship Boys : $b Or, the Quest of the Aztec Treasure $h [electronic resource] / $c H. L. Sayler
=260  \\ $b Project Gutenberg, $c 2004
=506  \\ $a Public domain in the USA.
=516  \\ $a Text
=653  \\ $a Aeronautics -- Juvenile fiction
=653  \\ $a Airships -- Juvenile fiction
=830  \0 $a Project Gutenberg $v 6908
=856  40 $u http://www.gutenberg.org/ebooks/6908

