=LDR  01061nas  2200313uu 4500
=000  00568cam\a22001693a\4500
=001  6909
=003  PGUSA
=005  20161217030037.0
=008  041101s2004||||xxu|||||s|||||000\1\eng\d
=040  \\ $a PGUSA $b eng
=042  \\ $a dc
=050  \4$aPZ
=100  1\ $a Catherwood, Mary Hartwell, $d 1847-1902
=245  10 $a Old Caravan Days $h [electronic resource] / $c Mary Hartwell Catherwood
=260  \\ $b Project Gutenberg, $c 2004
=506  \\ $a Public domain in the USA.
=516  \\ $a Text
=653  \\ $a Voyages and travels -- Juvenile fiction
=653  \\ $a Children -- Conduct of life -- Juvenile fiction
=653  \\ $a Conduct of life -- Juvenile fiction
=653  \\ $a Ants -- Juvenile fiction
=653  \\ $a Adventure stories
=653  \\ $a Outdoor life -- Juvenile fiction
=653  \\ $a Camping -- Juvenile fiction
=653  \\ $a Wagon trains -- Juvenile fiction
=653  \\ $a Thieves -- Juvenile fiction
=830  \0 $a Project Gutenberg $v 6909
=856  40 $u http://www.gutenberg.org/ebooks/6909

