=LDR  00688nas  2200217uu 4500
=000  00568cam\a22001693a\4500
=001  6910
=003  PGUSA
=005  20161217030037.0
=008  041101s2004||||xxu|||||s|||||000\|\eng\d
=040  \\ $a PGUSA $b eng
=042  \\ $a dc
=050  \4$aDA
=100  1\ $a Tytler, Sarah, $d 1827-1914
=245  10 $a Life of Her Most Gracious Majesty the Queen — Volume 1 $h [electronic resource] / $c Sarah Tytler
=260  \\ $b Project Gutenberg, $c 2004
=506  \\ $a Public domain in the USA.
=516  \\ $a Text
=653  \\ $a Victoria, Queen of Great Britain, 1819-1901
=830  \0 $a Project Gutenberg $v 6910
=856  40 $u http://www.gutenberg.org/ebooks/6910

