=LDR  00940nas  2200241uu 4500
=000  00568cam\a22001693a\4500
=001  6911
=003  PGUSA
=005  20161217030037.0
=008  041101s2004||||xxu|||||s|||||000\|\eng\d
=040  \\ $a PGUSA $b eng
=042  \\ $a dc
=050  \4$aBF
=100  1\ $a Jordan, William George, $d 1864-1928
=245  14 $a The Majesty of Calmness; individual problems and posibilities $h [electronic resource] / $c William George Jordan
=260  \\ $b Project Gutenberg, $c 2004
=505  0\ $a The majesty of calmness -- Hurry, the scourge of America -- The power of personal influence -- The dignity of self-reliance -- Failure as a success -- Doing our best at all times -- The royal road to happiness.
=506  \\ $a Public domain in the USA.
=516  \\ $a Text
=653  \\ $a Conduct of life
=653  \\ $a Character
=830  \0 $a Project Gutenberg $v 6911
=856  40 $u http://www.gutenberg.org/ebooks/6911

