=LDR  00666nas  2200217uu 4500
=000  00568cam\a22001693a\4500
=001  6912
=003  PGUSA
=005  20161217030037.0
=008  041101s2004||||xxu|||||s|||||000\|\eng\d
=040  \\ $a PGUSA $b eng
=042  \\ $a dc
=050  \4$aTX
=100  1\ $a Greer, Carlotta C. $q (Carlotta Cherryholmes), $d 1879-1965
=245  10 $a School and Home Cooking $h [electronic resource] / $c Carlotta C. Greer
=260  \\ $b Project Gutenberg, $c 2004
=506  \\ $a Public domain in the USA.
=516  \\ $a Text
=653  \\ $a Cooking, American
=830  \0 $a Project Gutenberg $v 6912
=856  40 $u http://www.gutenberg.org/ebooks/6912

