=LDR  00963nas  2200265uu 4500
=000  00568cam\a22001693a\4500
=001  6913
=003  PGUSA
=005  20161217030037.0
=008  041101s2004||||xxu|||||s|||||000\|\eng\d
=040  \\ $a PGUSA $b eng
=042  \\ $a dc
=050  \4$aF1001
=100  1\ $a Radisson, Pierre Esprit, $d -1710
=245  10 $a Voyages of Peter Esprit Radisson : $b $b Being an Account of His Travels and Experiences Among the North American Indians, from 1652 to 1684 $h [electronic resource] / $c Pierre Esprit Radisson
=260  \\ $b Project Gutenberg, $c 2004
=506  \\ $a Public domain in the USA.
=516  \\ $a Text
=653  \\ $a New France -- Discovery and exploration
=653  \\ $a Indians of North America -- Canada
=653  \\ $a Northwest, Canadian -- History
=653  \\ $a Hudson's Bay Company
=653  \\ $a Iroquois Indians
=830  \0 $a Project Gutenberg $v 6913
=856  40 $u http://www.gutenberg.org/ebooks/6913

