=LDR  00762nas  2200253uu 4500
=000  00568cam\a22001693a\4500
=001  6914
=003  PGUSA
=005  20161217030037.0
=008  041101s2004||||xxu|||||s|||||000\1\eng\d
=040  \\ $a PGUSA $b eng
=042  \\ $a dc
=050  \4$aPZ
=050  \4$aPS
=100  1\ $a Cranch, Christopher Pearse, $d 1813-1892
=245  14 $a The Last of the Huggermuggers $h [electronic resource] / $c Christopher Pearse Cranch
=260  \\ $b Project Gutenberg, $c 2004
=506  \\ $a Public domain in the USA.
=516  \\ $a Text
=653  \\ $a Giants -- Juvenile fiction
=653  \\ $a Adventure stories
=653  \\ $a Children's stories
=830  \0 $a Project Gutenberg $v 6914
=856  40 $u http://www.gutenberg.org/ebooks/6914

