=LDR  00795nas  2200241uu 4500
=000  00568cam\a22001693a\4500
=001  6916
=003  PGUSA
=005  20161217030037.0
=008  041101s2004||||xxu|||||s|||||000\|\eng\d
=040  \\ $a PGUSA $b eng
=042  \\ $a dc
=050  \4$aPR
=100  1\ $a Traill, H. D. $q (Henry Duff), $d 1842-1900
=245  10 $a English Men of Letters : $b Coleridge $h [electronic resource] / $c H. D. Traill
=260  \\ $b Project Gutenberg, $c 2004
=506  \\ $a Public domain in the USA.
=516  \\ $a Text
=653  \\ $a Coleridge, Samuel Taylor, 1772-1834
=653  \\ $a Critics -- Great Britain -- Biography
=653  \\ $a Poets, English -- 19th century -- Biography
=830  \0 $a Project Gutenberg $v 6916
=856  40 $u http://www.gutenberg.org/ebooks/6916

