=LDR  00809nas  2200229uu 4500
=000  00568cam\a22001693a\4500
=001  6917
=003  PGUSA
=005  20161217030037.0
=008  041101s2004||||xxu|||||s|||||000\|\eng\d
=040  \\ $a PGUSA $b eng
=042  \\ $a dc
=050  \4$aPS
=100  1\ $a Dent, John Charles, $d 1841-1888
=245  14 $a The Gerrard Street Mystery and Other Weird Tales $h [electronic resource] / $c John Charles Dent
=260  \\ $b Project Gutenberg, $c 2004
=505  0\ $a The Gerrard Street Mystery -- Gagtooth's Image -- The Haunted House on Duchess Street -- Savareen's Disappearance.
=506  \\ $a Public domain in the USA.
=516  \\ $a Text
=653  \\ $a Detective and mystery stories
=830  \0 $a Project Gutenberg $v 6917
=856  40 $u http://www.gutenberg.org/ebooks/6917

