=LDR  01166nas  2200241uu 4500
=000  00568cam\a22001693a\4500
=001  6919
=003  PGUSA
=005  20161217030037.0
=008  041101s2004||||xxu|||||s|||||000\|\eng\d
=040  \\ $a PGUSA $b eng
=042  \\ $a dc
=050  \4$aQH
=100  1\ $a Huxley, Thomas Henry, $d 1825-1895
=245  10 $a Darwiniana : $b Essays — Volume 02 $h [electronic resource] / $c Thomas Henry Huxley
=260  \\ $b Project Gutenberg, $c 2004
=505  0\ $a The Darwinian hypothesis (1859) -- The Origin of species (1860) -- Criticisms on "The origin of species" (1864) -- The genealogy of animals (1869) -- Mr. Darwin's critics (1871) -- Evolution in biology (1878) -- The coming of age of "The origin of species" (1880) -- Charles Darwin (1882) -- The Darwin memorial (1885) -- Obituary (1888) -- Six lectures to working men "On our knowledge of the causes of the phenomena of organic nature" (1863).
=506  \\ $a Public domain in the USA.
=516  \\ $a Text
=653  \\ $a Darwin, Charles, 1809-1882
=653  \\ $a Evolution (Biology)
=830  \0 $a Project Gutenberg $v 6919
=856  40 $u http://www.gutenberg.org/ebooks/6919

