=LDR  00692nas  2200217uu 4500
=000  00568cam\a22001693a\4500
=001  6920
=003  PGUSA
=005  20161217030037.0
=008  041101s2004||||xxu|||||s|||||000\|\eng\d
=040  \\ $a PGUSA $b eng
=042  \\ $a dc
=050  \4$aB
=100  1\ $a Marcus Aurelius, Emperor of Rome, $d 121-180
=245  10 $a Thoughts of Marcus Aurelius $h [electronic resource] / $c Emperor of Rome Marcus Aurelius
=260  \\ $b Project Gutenberg, $c 2004
=506  \\ $a Public domain in the USA.
=516  \\ $a Text
=653  \\ $a Marcus Aurelius, Emperor of Rome, 121-180
=830  \0 $a Project Gutenberg $v 6920
=856  40 $u http://www.gutenberg.org/ebooks/6920

