=LDR  00612nas  2200217uu 4500
=000  00568cam\a22001693a\4500
=001  6922
=003  PGUSA
=005  20161217030037.0
=008  041101s2004||||xxu|||||s|||||000\p\dut\d
=040  \\ $a PGUSA $b dut
=042  \\ $a dc
=050  \4$aPT
=100  1\ $a Schipper, Lieuwe, $d 1808-1870
=245  10 $a De Liereman $h [electronic resource] / $c Lieuwe Schipper
=260  \\ $b Project Gutenberg, $c 2004
=506  \\ $a Public domain in the USA.
=516  \\ $a Text
=653  \\ $a Poetry
=830  \0 $a Project Gutenberg $v 6922
=856  40 $u http://www.gutenberg.org/ebooks/6922

