=LDR  00771nas  2200265uu 4500
=000  00568cam\a22001693a\4500
=001  6923
=003  PGUSA
=005  20161217030037.0
=008  041101s2004||||xxu|||||s|||||000\|\eng\d
=040  \\ $a PGUSA $b eng
=042  \\ $a dc
=050  \4$aPQ
=100  1\ $a Molière, $d 1622-1673
=240  10 $a L'avare. $l English
=245  14 $a The Miser $h [electronic resource] / $c Molière
=260  \\ $b Project Gutenberg, $c 2004
=506  \\ $a Public domain in the USA.
=516  \\ $a Text
=653  \\ $a Comedies
=653  \\ $a Misers -- Drama
=653  \\ $a Molière, 1622-1673 -- Translations into English
=740  0\ $a L'avare. English
=830  \0 $a Project Gutenberg $v 6923
=856  40 $u http://www.gutenberg.org/ebooks/6923

