=LDR  00880nas  2200265uu 4500
=000  00568cam\a22001693a\4500
=001  6924
=003  PGUSA
=005  20161217030037.0
=008  041101s2004||||xxu|||||s|||||000\|\ger\d
=040  \\ $a PGUSA $b ger
=042  \\ $a dc
=050  \4$aPR
=100  1\ $a Schlegel, August Wilhelm von, $d 1767-1845
=245  10 $a Richard III $h [electronic resource] / $c August Wilhelm von Schlegel
=260  \\ $b Project Gutenberg, $c 2004
=506  \\ $a Public domain in the USA.
=516  \\ $a Text
=653  \\ $a Historical drama
=653  \\ $a Great Britain -- Kings and rulers -- Drama
=653  \\ $a Tragedies
=653  \\ $a Richard III, King of England, 1452-1485 -- Drama
=653  \\ $a Great Britain -- History -- Richard III, 1483-1485 -- Drama
=830  \0 $a Project Gutenberg $v 6924
=856  40 $u http://www.gutenberg.org/ebooks/6924

