=LDR  00701nas  2200229uu 4500
=000  00568cam\a22001693a\4500
=001  6925
=003  PGUSA
=005  20161217030037.0
=008  041101s2004||||xxu|||||s|||||000\|\eng\d
=040  \\ $a PGUSA $b eng
=042  \\ $a dc
=050  \4$aB
=100  1\ $a Morley, Henry, $d 1822-1894
=245  14 $a The History of Thomas Ellwood Written By Himself $h [electronic resource] / $c Henry Morley
=260  \\ $b Project Gutenberg, $c 2004
=506  \\ $a Public domain in the USA.
=516  \\ $a Text
=653  \\ $a Ellwood, Thomas, 1639-1713
=653  \\ $a Quakers -- Biography
=830  \0 $a Project Gutenberg $v 6925
=856  40 $u http://www.gutenberg.org/ebooks/6925

