=LDR  00738nas  2200229uu 4500
=000  00568cam\a22001693a\4500
=001  6926
=003  PGUSA
=005  20161217030037.0
=008  041101s2004||||xxu|||||s|||||000\|\eng\d
=040  \\ $a PGUSA $b eng
=042  \\ $a dc
=050  \4$aPS
=100  1\ $a Lathrop, Rose Hawthorne, $d 1851-1926
=245  10 $a Memories of Hawthorne $h [electronic resource] / $c Rose Hawthorne Lathrop
=260  \\ $b Project Gutenberg, $c 2004
=506  \\ $a Public domain in the USA.
=516  \\ $a Text
=653  \\ $a Novelists, American -- 19th century -- Biography
=653  \\ $a Hawthorne, Nathaniel, 1804-1864 -- Family
=830  \0 $a Project Gutenberg $v 6926
=856  40 $u http://www.gutenberg.org/ebooks/6926

