=LDR  00708nas  2200241uu 4500
=000  00568cam\a22001693a\4500
=001  6927
=003  PGUSA
=005  20161217030037.0
=008  041101s2004||||xxu|||||s|||||000\1\eng\d
=040  \\ $a PGUSA $b eng
=042  \\ $a dc
=050  \4$aPR
=050  \4$aPZ
=100  1\ $a Wodehouse, P. G. $q (Pelham Grenville), $d 1881-1975
=245  14 $a The White Feather $h [electronic resource] / $c P. G. Wodehouse
=260  \\ $b Project Gutenberg, $c 2004
=506  \\ $a Public domain in the USA.
=516  \\ $a Text
=653  \\ $a Schools -- Fiction
=653  \\ $a Children's stories
=830  \0 $a Project Gutenberg $v 6927
=856  40 $u http://www.gutenberg.org/ebooks/6927

