=LDR  00688nas  2200217uu 4500
=000  00568cam\a22001693a\4500
=001  6928
=003  PGUSA
=005  20161217030037.0
=008  041101s2004||||xxu|||||s|||||000\|\eng\d
=040  \\ $a PGUSA $b eng
=042  \\ $a dc
=050  \4$aBS
=100  1\ $a Gladden, Washington, $d 1836-1918
=245  10 $a Who Wrote the Bible? : $b a Book for the People $h [electronic resource] / $c Washington Gladden
=260  \\ $b Project Gutenberg, $c 2004
=506  \\ $a Public domain in the USA.
=516  \\ $a Text
=653  \\ $a Bible -- Criticism, interpretation, etc.
=830  \0 $a Project Gutenberg $v 6928
=856  40 $u http://www.gutenberg.org/ebooks/6928

