=LDR  00728nas  2200229uu 4500
=000  00568cam\a22001693a\4500
=001  6929
=003  PGUSA
=005  20161217030037.0
=008  041101s2004||||xxu|||||s|||||000\p\eng\d
=040  \\ $a PGUSA $b eng
=042  \\ $a dc
=050  \4$aPR
=100  1\ $a Cowper, William, $d 1731-1800
=245  10 $a Poemata : $b Latin, Greek and Italian Poems by John Milton $h [electronic resource] / $c William Cowper
=260  \\ $b Project Gutenberg, $c 2004
=506  \\ $a Public domain in the USA.
=516  \\ $a Text
=653  \\ $a Poetry
=653  \\ $a Milton, John, 1608-1674 -- Translations into English
=830  \0 $a Project Gutenberg $v 6929
=856  40 $u http://www.gutenberg.org/ebooks/6929

