=LDR  00735nas  2200229uu 4500
=000  00568cam\a22001693a\4500
=001  6930
=003  PGUSA
=005  20161217030037.0
=008  041101s2004||||xxu|||||s|||||000\p\eng\d
=040  \\ $a PGUSA $b eng
=042  \\ $a dc
=050  \4$aPR
=100  1\ $a Spenser, Edmund, $d 1551-1599
=245  14 $a The Faerie Queene — Volume 01 $h [electronic resource] / $c Edmund Spenser
=260  \\ $b Project Gutenberg, $c 2004
=506  \\ $a Copyrighted. Read the copyright notice inside this book for details.
=516  \\ $a Text
=653  \\ $a Knights and knighthood -- Poetry
=653  \\ $a Virtues -- Poetry
=830  \0 $a Project Gutenberg $v 6930
=856  40 $u http://www.gutenberg.org/ebooks/6930

