=LDR  00679nas  2200217uu 4500
=000  00568cam\a22001693a\4500
=001  6931
=003  PGUSA
=005  20161217030037.0
=008  041101s2004||||xxu|||||s|||||000\|\eng\d
=040  \\ $a PGUSA $b eng
=042  \\ $a dc
=050  \4$aD
=100  1\ $a Stowe, Harriet Beecher, $d 1811-1896
=245  10 $a Sunny Memories of Foreign Lands, Volume 2 $h [electronic resource] / $c Harriet Beecher Stowe
=260  \\ $b Project Gutenberg, $c 2004
=506  \\ $a Public domain in the USA.
=516  \\ $a Text
=653  \\ $a Europe -- Description and travel
=830  \0 $a Project Gutenberg $v 6931
=856  40 $u http://www.gutenberg.org/ebooks/6931

