=LDR  00836nas  2200241uu 4500
=000  00568cam\a22001693a\4500
=001  6932
=003  PGUSA
=005  20161217030037.0
=008  041101s2004||||xxu|||||s|||||000\|\eng\d
=040  \\ $a PGUSA $b eng
=042  \\ $a dc
=050  \4$aND
=100  1\ $a Bacon, Mary Schell Hoke, $d 1870-1934
=245  10 $a Pictures Every Child Should Know : $b $b A Selection of the World's Art Masterpieces for Young People $h [electronic resource] / $c Mary Schell Hoke Bacon
=260  \\ $b Project Gutenberg, $c 2004
=506  \\ $a Public domain in the USA.
=516  \\ $a Text
=653  \\ $a Painting -- Juvenile literature
=653  \\ $a Art -- Juvenile literature
=653  \\ $a Painters -- Juvenile literature
=830  \0 $a Project Gutenberg $v 6932
=856  40 $u http://www.gutenberg.org/ebooks/6932

