=LDR  00884nas  2200241uu 4500
=000  00568cam\a22001693a\4500
=001  6933
=003  PGUSA
=005  20161217030037.0
=008  041101s2004||||xxu|||||s|||||000\|\eng\d
=040  \\ $a PGUSA $b eng
=042  \\ $a dc
=050  \4$aF1001
=100  1\ $a Parkman, Francis, $d 1823-1893
=245  10 $a France and England in N America, Part II : $b Jesuits in N America 17th Century $h [electronic resource] / $c Francis Parkman
=260  \\ $b Project Gutenberg, $c 2004
=506  \\ $a Public domain in the USA.
=516  \\ $a Text
=653  \\ $a Canada -- History -- To 1763 (New France)
=653  \\ $a Jesuits -- Missions -- New France -- History -- 17th century
=653  \\ $a Wyandot Indians -- Missions -- New France -- History -- 17th century
=830  \0 $a Project Gutenberg $v 6933
=856  40 $u http://www.gutenberg.org/ebooks/6933

