=LDR  00901nas  2200241uu 4500
=000  00568cam\a22001693a\4500
=001  6934
=003  PGUSA
=005  20161217030037.0
=008  041101s2004||||xxu|||||s|||||000\|\eng\d
=040  \\ $a PGUSA $b eng
=042  \\ $a dc
=050  \4$aTK
=100  1\ $a Collins, A. Frederick $q (Archie Frederick), $d 1869-
=245  14 $a The Radio Amateur's Hand Book : $b $b A Complete, Authentic and Informative Work on Wireless Telegraphy and Telephony $h [electronic resource] / $c A. Frederick Collins
=260  \\ $b Project Gutenberg, $c 2004
=500  \\ $a Text only, see #6935 for HTML with images (this book is very difficult to read without the images!)
=506  \\ $a Public domain in the USA.
=516  \\ $a Text
=653  \\ $a Radio
=653  \\ $a Telegraph, Wireless
=830  \0 $a Project Gutenberg $v 6934
=856  40 $u http://www.gutenberg.org/ebooks/6934

