=LDR  00782nas  2200253uu 4500
=000  00568cam\a22001693a\4500
=001  6936
=003  PGUSA
=005  20161217030037.0
=008  041101s2004||||xxu|||||s|||||000\1\eng\d
=040  \\ $a PGUSA $b eng
=042  \\ $a dc
=050  \4$aPZ
=050  \4$aPR
=100  1\ $a Aikin, Lucy, $d 1781-1864
=245  10 $a Robinson Crusoe — in Words of One Syllable $h [electronic resource] / $c Lucy Aikin
=260  \\ $b Project Gutenberg, $c 2004
=506  \\ $a Public domain in the USA.
=516  \\ $a Text
=653  \\ $a Crusoe, Robinson (Fictitious character) -- Fiction
=653  \\ $a Shipwreck survival -- Fiction
=653  \\ $a Adventure stories
=830  \0 $a Project Gutenberg $v 6936
=856  40 $u http://www.gutenberg.org/ebooks/6936

