=LDR  00737nas  2200229uu 4500
=000  00568cam\a22001693a\4500
=001  6937
=003  PGUSA
=005  20161217030037.0
=008  041101s2004||||xxu|||||s|||||000\|\eng\d
=040  \\ $a PGUSA $b eng
=042  \\ $a dc
=050  \4$aPR
=100  1\ $a Hales, John W. $q (John Wesley), $d 1836-1914
=245  12 $a A Biography of Edmund Spenser $h [electronic resource] / $c John W. Hales
=260  \\ $b Project Gutenberg, $c 2004
=506  \\ $a Public domain in the USA.
=516  \\ $a Text
=653  \\ $a Spenser, Edmund, 1552?-1599
=653  \\ $a Poets, English -- Early modern, 1500-1700 -- Biography
=830  \0 $a Project Gutenberg $v 6937
=856  40 $u http://www.gutenberg.org/ebooks/6937

