=LDR  00766nas  2200229uu 4500
=000  00568cam\a22001693a\4500
=001  6938
=003  PGUSA
=005  20161217030037.0
=008  041101s2004||||xxu|||||s|||||000\p\ita\d
=040  \\ $a PGUSA $b ita
=042  \\ $a dc
=050  \4$aPQ
=100  1\ $a Celani, Enrico, $d 1867-1556
=245  10 $a Rime di Tullia d'Aragona, cortigiana del secolo XVI $h [electronic resource] / $c Enrico Celani
=260  \\ $b Project Gutenberg, $c 2004
=506  \\ $a Public domain in the USA.
=516  \\ $a Text
=653  \\ $a Aragona, Tullia d', approximately 1510-1556 -- Criticism and interpretation
=653  \\ $a Italian poetry -- 16th century
=830  \0 $a Project Gutenberg $v 6938
=856  40 $u http://www.gutenberg.org/ebooks/6938

