=LDR  00795nas  2200253uu 4500
=000  00568cam\a22001693a\4500
=001  6939
=003  PGUSA
=005  20161217030037.0
=008  040822s2004||||xxu|||||s|||||000\1\eng\d
=040  \\ $a PGUSA $b eng
=042  \\ $a dc
=050  \4$aPR
=100  1\ $a Scott, Walter, $d 1771-1832
=245  10 $a Old Mortality, Volume 1. $h [electronic resource] / $c Walter Scott
=260  \\ $b Project Gutenberg, $c 2004
=506  \\ $a Public domain in the USA.
=516  \\ $a Text
=653  \\ $a Scotland -- History -- 1660-1688 -- Fiction
=653  \\ $a War stories
=653  \\ $a Historical fiction
=653  \\ $a Bothwell Bridge, Battle of, Scotland, 1679 -- Fiction
=830  \0 $a Project Gutenberg $v 6939
=856  40 $u http://www.gutenberg.org/ebooks/6939

