=LDR  01120nas  2200337uu 4500
=000  00568cam\a22001693a\4500
=001  6942
=003  PGUSA
=005  20161217030037.0
=008  040820s2004||||xxu|||||s|||||000\1\eng\d
=040  \\ $a PGUSA $b eng
=042  \\ $a dc
=050  \4$aPR
=100  1\ $a Scott, Walter, $d 1771-1832
=245  14 $a The Heart of Mid-Lothian, Volume 1 $h [electronic resource] / $c Walter Scott
=260  \\ $b Project Gutenberg, $c 2004
=506  \\ $a Public domain in the USA.
=516  \\ $a Text
=653  \\ $a Women prisoners -- Fiction
=653  \\ $a Pardon -- Fiction
=653  \\ $a Legal stories
=653  \\ $a Scotland -- History -- 18th century -- Fiction
=653  \\ $a Porteous Riots, 1736 -- Fiction
=653  \\ $a Scots -- England -- Fiction
=653  \\ $a Historical fiction
=653  \\ $a Great Britain -- History -- George II, 1727-1760 -- Fiction
=653  \\ $a Trials (Murder) -- Fiction
=653  \\ $a Women travelers -- Fiction
=653  \\ $a Sisters -- Fiction
=830  \0 $a Project Gutenberg $v 6942
=856  40 $u http://www.gutenberg.org/ebooks/6942

