=LDR  00762nas  2200229uu 4500
=000  00568cam\a22001693a\4500
=001  6945
=003  PGUSA
=005  20161217030037.0
=008  041101s2004||||xxu|||||s|||||000\1\eng\d
=040  \\ $a PGUSA $b eng
=042  \\ $a dc
=050  \4$aPS
=100  1\ $a Armour, Rebecca Agatha, $d 1845-1891
=245  10 $a Marguerite Verne; Or, Scenes from Canadian Life $h [electronic resource] / $c Rebecca Agatha Armour
=260  \\ $b Project Gutenberg, $c 2004
=506  \\ $a Public domain in the USA.
=516  \\ $a Text
=653  \\ $a Young women -- Fiction
=653  \\ $a New Brunswick -- Social life and customs -- 19th century -- Fiction
=830  \0 $a Project Gutenberg $v 6945
=856  40 $u http://www.gutenberg.org/ebooks/6945

