=LDR  00660nas  2200217uu 4500
=000  00568cam\a22001693a\4500
=001  6946
=003  PGUSA
=005  20161217030037.0
=008  041101s2004||||xxu|||||s|||||000\|\eng\d
=040  \\ $a PGUSA $b eng
=042  \\ $a dc
=050  \4$aPS
=100  1\ $a Ward, Artemus, $d 1834-1867
=245  14 $a The Complete Works of Artemus Ward (HTML edition) $h [electronic resource] / $c Artemus Ward
=260  \\ $b Project Gutenberg, $c 2004
=506  \\ $a Public domain in the USA.
=516  \\ $a Text
=653  \\ $a American wit and humor
=830  \0 $a Project Gutenberg $v 6946
=856  40 $u http://www.gutenberg.org/ebooks/6946

