=LDR  00812nas  2200217uu 4500
=000  00568cam\a22001693a\4500
=001  6947
=003  PGUSA
=005  20161217030037.0
=008  041101s2004||||xxu|||||s|||||000\1\eng\d
=040  \\ $a PGUSA $b eng
=042  \\ $a dc
=050  \4$aPS
=100  1\ $a Thompson, Daniel P. $q (Daniel Pierce), $d 1795-1868
=245  14 $a The Rangers; or, The Tory's Daughter : $b $b A Tale Illustrative of the Revolutionary History of Vermont and the Northern Campaign of 1777 $h [electronic resource] / $c Daniel P. Thompson
=260  \\ $b Project Gutenberg, $c 2004
=506  \\ $a Public domain in the USA.
=516  \\ $a Text
=653  \\ $a Vermont -- History -- Revolution, 1775-1783 -- Fiction
=830  \0 $a Project Gutenberg $v 6947
=856  40 $u http://www.gutenberg.org/ebooks/6947

