=LDR  00678nas  2200217uu 4500
=000  00568cam\a22001693a\4500
=001  6948
=003  PGUSA
=005  20161217030037.0
=008  041101s2004||||xxu|||||s|||||000\|\eng\d
=040  \\ $a PGUSA $b eng
=042  \\ $a dc
=050  \4$aDD
=100  1\ $a Graves, Armgaard Karl, $d 1887-
=245  14 $a The Secrets of the German War Office $h [electronic resource] / $c Armgaard Karl Graves
=260  \\ $b Project Gutenberg, $c 2004
=506  \\ $a Public domain in the USA.
=516  \\ $a Text
=653  \\ $a Germany -- Foreign relations -- 1871-1918
=830  \0 $a Project Gutenberg $v 6948
=856  40 $u http://www.gutenberg.org/ebooks/6948

