=LDR  00755nas  2200229uu 4500
=000  00568cam\a22001693a\4500
=001  6949
=003  PGUSA
=005  20161217030037.0
=008  041101s2004||||xxu|||||s|||||000\|\eng\d
=040  \\ $a PGUSA $b eng
=042  \\ $a dc
=050  \4$aHG
=100  1\ $a White, Andrew Dickson, $d 1832-1918
=245  10 $a Fiat Money Inflation in France : $b How it Came, What it Brought, and How it Ended $h [electronic resource] / $c Andrew Dickson White
=260  \\ $b Project Gutenberg, $c 2004
=506  \\ $a Public domain in the USA.
=516  \\ $a Text
=653  \\ $a Assignats
=653  \\ $a Inflation (Finance) -- France -- History
=830  \0 $a Project Gutenberg $v 6949
=856  40 $u http://www.gutenberg.org/ebooks/6949

