=LDR  01091nas  2200277uu 4500
=000  00568cam\a22001693a\4500
=001  6951
=003  PGUSA
=005  20161217030037.0
=008  041101s2004||||xxu|||||s|||||000\|\eng\d
=040  \\ $a PGUSA $b eng
=042  \\ $a dc
=050  \4$aQH
=100  1\ $a Darwin, Charles, $d 1809-1882
=245  10 $a Journal of Researches into the Natural History and Geology of the Countries Visited During the Voyage Round the World of H.M.S. Beagle Under the Command of Captain Fitz Roy, R.N. $h [electronic resource] / $c Charles Darwin
=260  \\ $b Project Gutenberg, $c 2004
=506  \\ $a Copyrighted. Read the copyright notice inside this book for details.
=516  \\ $a Sound
=653  \\ $a South America -- Discovery and exploration
=653  \\ $a Natural history
=653  \\ $a Beagle Expedition (1831-1836)
=653  \\ $a Voyages around the world -- History -- 19th century
=653  \\ $a Geology
=740  0\ $a A Naturalist's Voyage Round the World
=830  \0 $a Project Gutenberg $v 6951
=856  40 $u http://www.gutenberg.org/ebooks/6951

