=LDR  00798nas  2200241uu 4500
=000  00568cam\a22001693a\4500
=001  6952
=003  PGUSA
=005  20161217030037.0
=008  041101s2004||||xxu|||||s|||||000\1\eng\d
=040  \\ $a PGUSA $b eng
=042  \\ $a dc
=050  \4$aPR
=050  \4$aPZ
=100  1\ $a Henty, G. A. $q (George Alfred), $d 1832-1902
=245  10 $a By Pike and Dyke : $b a Tale of the Rise of the Dutch Republic $h [electronic resource] / $c G. A. Henty
=260  \\ $b Project Gutenberg, $c 2004
=506  \\ $a Public domain in the USA.
=516  \\ $a Text
=653  \\ $a Historical fiction
=653  \\ $a Netherlands -- History -- Eighty Years' War, 1568-1648 -- Juvenile fiction
=830  \0 $a Project Gutenberg $v 6952
=856  40 $u http://www.gutenberg.org/ebooks/6952

