=LDR  00637nas  2200217uu 4500
=000  00568cam\a22001693a\4500
=001  6956
=003  PGUSA
=005  20161217030037.0
=008  041101s2004||||xxu|||||s|||||000\p\eng\d
=040  \\ $a PGUSA $b eng
=042  \\ $a dc
=050  \4$aPS
=100  1\ $a Roberts, Charles G. D., $c Sir, $d 1860-1943
=245  10 $a In Divers Tones $h [electronic resource] / $c Charles G. D., Roberts
=260  \\ $b Project Gutenberg, $c 2004
=506  \\ $a Public domain in the USA.
=516  \\ $a Text
=653  \\ $a Poetry
=830  \0 $a Project Gutenberg $v 6956
=856  40 $u http://www.gutenberg.org/ebooks/6956

