=LDR  00693nas  2200217uu 4500
=000  00568cam\a22001693a\4500
=001  6958
=003  PGUSA
=005  20161217030037.0
=008  041101s2004||||xxu|||||s|||||000\1\eng\d
=040  \\ $a PGUSA $b eng
=042  \\ $a dc
=050  \4$aPZ
=100  1\ $a Castlemon, Harry, $d 1842-1915
=245  10 $a Frank on the Lower Mississippi $h [electronic resource] / $c Harry Castlemon
=260  \\ $b Project Gutenberg, $c 2004
=506  \\ $a Public domain in the USA.
=516  \\ $a Text
=653  \\ $a United States -- History -- Civil War, 1861-1865 -- Juvenile fiction
=830  \0 $a Project Gutenberg $v 6958
=856  40 $u http://www.gutenberg.org/ebooks/6958

