=LDR  00636nas  2200217uu 4500
=000  00568cam\a22001693a\4500
=001  6959
=003  PGUSA
=005  20161217030037.0
=008  041101s2004||||xxu|||||s|||||000\p\dut\d
=040  \\ $a PGUSA $b dut
=042  \\ $a dc
=050  \4$aPT
=100  1\ $a Stroobant, Eugeen Edward, $d 1819-1889
=245  10 $a Myne eerste vlerken $h [electronic resource] / $c Eugeen Edward Stroobant
=260  \\ $b Project Gutenberg, $c 2004
=506  \\ $a Public domain in the USA.
=516  \\ $a Text
=653  \\ $a Poetry
=830  \0 $a Project Gutenberg $v 6959
=856  40 $u http://www.gutenberg.org/ebooks/6959

