=LDR  00717nas  2200229uu 4500
=000  00568cam\a22001693a\4500
=001  6960
=003  PGUSA
=005  20161217030037.0
=008  041101s2004||||xxu|||||s|||||000\|\eng\d
=040  \\ $a PGUSA $b eng
=042  \\ $a dc
=050  \4$aE011
=100  1\ $a Seaver, James E. $q (James Everett), $d 1787-1827
=245  12 $a A Narrative of the Life of Mrs. Mary Jemison $h [electronic resource] / $c James E. Seaver
=260  \\ $b Project Gutenberg, $c 2004
=506  \\ $a Public domain in the USA.
=516  \\ $a Text
=653  \\ $a Jemison, Mary, 1743-1833
=653  \\ $a Seneca Indians
=830  \0 $a Project Gutenberg $v 6960
=856  40 $u http://www.gutenberg.org/ebooks/6960

