=LDR  00826nas  2200229uu 4500
=000  00568cam\a22001693a\4500
=001  6961
=003  PGUSA
=005  20161217030037.0
=008  041101s2004||||xxu|||||s|||||000\|\eng\d
=040  \\ $a PGUSA $b eng
=042  \\ $a dc
=050  \4$aE456
=100  1\ $a Cox, Jacob D. $q (Jacob Dolson), $d 1828-1900
=245  10 $a Military Reminiscences of the Civil War, Volume 1 : $b April 1861-November 1863 $h [electronic resource] / $c Jacob D. Cox
=260  \\ $b Project Gutenberg, $c 2004
=506  \\ $a Public domain in the USA.
=516  \\ $a Text
=653  \\ $a United States -- History -- Civil War, 1861-1865
=653  \\ $a United States -- History -- Civil War, 1861-1865 -- Personal narratives
=830  \0 $a Project Gutenberg $v 6961
=856  40 $u http://www.gutenberg.org/ebooks/6961

