=LDR  00657nas  2200217uu 4500
=000  00568cam\a22001693a\4500
=001  6964
=003  PGUSA
=005  20161217030037.0
=008  041101s2004||||xxu|||||s|||||000\|\eng\d
=040  \\ $a PGUSA $b eng
=042  \\ $a dc
=050  \4$aBF
=100  1\ $a Kent, Cicely
=245  10 $a Telling Fortunes By Tea Leaves : $b How to Read Your Fate in a Teacup $h [electronic resource] / $c Cicely Kent
=260  \\ $b Project Gutenberg, $c 2004
=506  \\ $a Public domain in the USA.
=516  \\ $a Text
=653  \\ $a Fortune-telling
=830  \0 $a Project Gutenberg $v 6964
=856  40 $u http://www.gutenberg.org/ebooks/6964

