=LDR  00634nas  2200217uu 4500
=000  00568cam\a22001693a\4500
=001  6965
=003  PGUSA
=005  20161217030037.0
=008  041101s2004||||xxu|||||s|||||000\|\eng\d
=040  \\ $a PGUSA $b eng
=042  \\ $a dc
=050  \4$aPR
=100  1\ $a Barrie, J. M. $q (James Matthew), $d 1860-1937
=245  10 $a Alice Sit-By-The-Fire $h [electronic resource] / $c J. M. Barrie
=260  \\ $b Project Gutenberg, $c 2004
=506  \\ $a Public domain in the USA.
=516  \\ $a Text
=653  \\ $a Drama
=830  \0 $a Project Gutenberg $v 6965
=856  40 $u http://www.gutenberg.org/ebooks/6965

