=LDR  00833nas  2200241uu 4500
=000  00568cam\a22001693a\4500
=001  6966
=003  PGUSA
=005  20161217030037.0
=008  041101s2004||||xxu|||||s|||||000\|\fre\d
=040  \\ $a PGUSA $b fre
=042  \\ $a dc
=050  \4$aTX
=100  1\ $a Hélie, Auguste
=245  10 $a Traité General de la Cuisine Maigre : $b $b Potages, entrées et relevés, entremets de légumes, sauces, entremets sucrés, traité de hors d'oeuvre et savoureux $h [electronic resource] / $c Auguste Hélie
=260  \\ $b Project Gutenberg, $c 2004
=506  \\ $a Public domain in the USA.
=516  \\ $a Text
=653  \\ $a Lenten menus
=653  \\ $a Fasts and feasts -- France
=653  \\ $a Cooking, French
=830  \0 $a Project Gutenberg $v 6966
=856  40 $u http://www.gutenberg.org/ebooks/6966

