=LDR  00856nas  2200241uu 4500
=000  00568cam\a22001693a\4500
=001  6967
=003  PGUSA
=005  20161217030037.0
=008  041101s2004||||xxu|||||s|||||000\|\eng\d
=040  \\ $a PGUSA $b eng
=042  \\ $a dc
=050  \4$aDP
=100  1\ $a Prescott, William Hickling, $d 1796-1859
=245  14 $a The History of the Reign of Ferdinand and Isabella the Catholic — Volume 2 $h [electronic resource] / $c William Hickling Prescott
=260  \\ $b Project Gutenberg, $c 2004
=506  \\ $a Public domain in the USA.
=516  \\ $a Text
=653  \\ $a Spain -- History -- Ferdinand and Isabella, 1479-1516
=653  \\ $a Isabella I, Queen of Spain, 1451-1504
=653  \\ $a Ferdinand V, King of Spain, 1452-1516
=830  \0 $a Project Gutenberg $v 6967
=856  40 $u http://www.gutenberg.org/ebooks/6967

