=LDR  01024nas  2200229uu 4500
=000  00568cam\a22001693a\4500
=001  6969
=003  PGUSA
=005  20161217030037.0
=008  040301s2004||||xxu|||||s|||||000\|\eng\d
=040  \\ $a PGUSA $b eng
=042  \\ $a dc
=050  \4$aPA
=100  1\ $a Lysias, $d -445--380
=245  14 $a The Orations of Lysias $h [electronic resource] / $c Lysias
=260  \\ $b Project Gutenberg, $c 2004
=505  0\ $a Funeral oration -- For Callias -- The olive tree -- Polyaenus -- Theomnestus -- Eratosthenes -- Agoratus -- Alcibiades -- Matitheus -- Property of Eraton -- Property of Aristophanes -- The grain dealers -- Pancleon -- The cripple -- Reply to "The overthrow of this democracy" -- Ergocles -- Nicomachus -- Against Philon -- Diogeiton -- Panegyric.
=506  \\ $a Public domain in the USA.
=516  \\ $a Text
=653  \\ $a Speeches, addresses, etc., Greek -- Translations into English
=830  \0 $a Project Gutenberg $v 6969
=856  40 $u http://www.gutenberg.org/ebooks/6969

