=LDR  00942nas  2200277uu 4500
=000  00568cam\a22001693a\4500
=001  6970
=003  PGUSA
=005  20161217030037.0
=008  041101s2004||||xxu|||||s|||||000\|\eng\d
=040  \\ $a PGUSA $b eng
=042  \\ $a dc
=050  \4$aLA
=050  \4$aQP
=100  1\ $a Gatty, Alfred, $c Mrs, $d 1809-1873
=245  14 $a The History of a Mouthful of Bread : $b $b And its effect on the organization of men and animals $h [electronic resource] / $c Alfred, Gatty
=260  \\ $b Project Gutenberg, $c 2004
=506  \\ $a Public domain in the USA.
=516  \\ $a Text
=653  \\ $a Natural history -- Study and teaching
=653  \\ $a Education
=653  \\ $a Human anatomy -- Juvenile literature
=653  \\ $a Natural history -- Juvenile literature
=653  \\ $a Physiology -- Juvenile literature
=830  \0 $a Project Gutenberg $v 6970
=856  40 $u http://www.gutenberg.org/ebooks/6970

