=LDR  00610nas  2200217uu 4500
=000  00568cam\a22001693a\4500
=001  6972
=003  PGUSA
=005  20161217030037.0
=008  041101s2004||||xxu|||||s|||||000\p\eng\d
=040  \\ $a PGUSA $b eng
=042  \\ $a dc
=050  \4$aPS
=100  1\ $a Nicholl, M. A.
=245  10 $a Lays from the West $h [electronic resource] / $c M. A. Nicholl
=260  \\ $b Project Gutenberg, $c 2004
=506  \\ $a Public domain in the USA.
=516  \\ $a Text
=653  \\ $a Canadian poetry
=830  \0 $a Project Gutenberg $v 6972
=856  40 $u http://www.gutenberg.org/ebooks/6972

