=LDR  01071nas  2200241uu 4500
=000  00568cam\a22001693a\4500
=001  6974
=003  PGUSA
=005  20161217030037.0
=008  041101s2004||||xxu|||||s|||||000\1\eng\d
=040  \\ $a PGUSA $b eng
=042  \\ $a dc
=050  \4$aPR
=100  1\ $a Merriman, Henry Seton, $d 1862-1903
=245  10 $a Tomaso's Fortune and other stories $h [electronic resource] / $c Henry Seton Merriman
=260  \\ $b Project Gutenberg, $c 2004
=505  0\ $a Sister -- A small world -- In a crooked way -- The tale of a scorpion -- On the rocks -- "Golossa-a-l" -- The mule -- In love and war -- Tomaso's fortune -- Stranded -- Putting things right -- For Juanita's sake -- At the front -- The end of the "Mooroo" -- In a caravan -- In the track of the wandering Jew -- Through the gate of tears -- A pariah -- The prodigal's return.
=506  \\ $a Public domain in the USA.
=516  \\ $a Text
=653  \\ $a Fiction
=653  \\ $a Short stories
=830  \0 $a Project Gutenberg $v 6974
=856  40 $u http://www.gutenberg.org/ebooks/6974

