=LDR  00776nas  2200253uu 4500
=000  00568cam\a22001693a\4500
=001  6975
=003  PGUSA
=005  20161217030037.0
=008  041101s2004||||xxu|||||s|||||000\|\ger\d
=040  \\ $a PGUSA $b ger
=042  \\ $a dc
=050  \4$aPR
=100  1\ $a Tieck, Dorothea, $d 1799-1841
=245  10 $a Macbeth $h [electronic resource] / $c Dorothea Tieck
=260  \\ $b Project Gutenberg, $c 2004
=506  \\ $a Public domain in the USA.
=516  \\ $a Text
=653  \\ $a Tragedies
=653  \\ $a Scotland -- Kings and rulers -- Drama
=653  \\ $a Regicides -- Drama
=653  \\ $a Macbeth, King of Scotland, active 11th century -- Drama
=830  \0 $a Project Gutenberg $v 6975
=856  40 $u http://www.gutenberg.org/ebooks/6975

