=LDR  00922nas  2200265uu 4500
=000  00568cam\a22001693a\4500
=001  6976
=003  PGUSA
=005  20161217030037.0
=008  041101s2004||||xxu|||||s|||||000\|\eng\d
=040  \\ $a PGUSA $b eng
=042  \\ $a dc
=050  \4$aE011
=100  1\ $a Stock, Eugene, $d 1836-1928
=245  10 $a Metlakahtla and the North Pacific Mission of the Church Missionary Society $h [electronic resource] / $c Eugene Stock
=260  \\ $b Project Gutenberg, $c 2004
=506  \\ $a Public domain in the USA.
=516  \\ $a Text
=653  \\ $a Indians of North America -- Missions
=653  \\ $a Missions -- British Columbia
=653  \\ $a Metlakatla (B.C.) -- History
=653  \\ $a Indians of North America -- British Columbia
=653  \\ $a British Columbia -- Discovery and exploration
=830  \0 $a Project Gutenberg $v 6976
=856  40 $u http://www.gutenberg.org/ebooks/6976

