=LDR  00723nas  2200217uu 4500
=000  00568cam\a22001693a\4500
=001  6977
=003  PGUSA
=005  20161217030037.0
=008  041101s2004||||xxu|||||s|||||000\|\eng\d
=040  \\ $a PGUSA $b eng
=042  \\ $a dc
=050  \4$aD501
=100  1\ $a McConnell, James R. $q (James Rogers), $d 1887-1917
=245  10 $a Flying for France : $b With the American Escadrille at Verdun $h [electronic resource] / $c James R. McConnell
=260  \\ $b Project Gutenberg, $c 2004
=506  \\ $a Public domain in the USA.
=516  \\ $a Text
=653  \\ $a World War, 1914-1918 -- Aerial operations
=830  \0 $a Project Gutenberg $v 6977
=856  40 $u http://www.gutenberg.org/ebooks/6977

