=LDR  00902nas  2200241uu 4500
=000  00568cam\a22001693a\4500
=001  6979
=003  PGUSA
=005  20161217030037.0
=008  041101s2004||||xxu|||||s|||||000\1\eng\d
=040  \\ $a PGUSA $b eng
=042  \\ $a dc
=050  \4$aPS
=100  1\ $a Crane, Stephen, $d 1871-1900
=245  14 $a The Little Regiment, and Other Episodes of the American Civil War $h [electronic resource] / $c Stephen Crane
=260  \\ $b Project Gutenberg, $c 2004
=505  0\ $a The Little Regiment -- Three miraculous soldiers -- A mystery of heroism -- An Indiana campaign -- A grey sleeve -- The veteran.
=506  \\ $a Public domain in the USA.
=516  \\ $a Text
=653  \\ $a United States -- History -- Civil War, 1861-1865 -- Fiction
=653  \\ $a War stories, American
=830  \0 $a Project Gutenberg $v 6979
=856  40 $u http://www.gutenberg.org/ebooks/6979

