=LDR  01096nas  2200253uu 4500
=000  00568cam\a22001693a\4500
=001  6980
=003  PGUSA
=005  20161217030037.0
=008  041101s2004||||xxu|||||s|||||000\i\eng\d
=040  \\ $a PGUSA $b eng
=042  \\ $a dc
=050  \4$aPR
=050  \4$aPZ
=100  1\ $a Wodehouse, P. G. $q (Pelham Grenville), $d 1881-1975
=245  10 $a Tales of St. Austin's $h [electronic resource] / $c P. G. Wodehouse
=260  \\ $b Project Gutenberg, $c 2004
=505  0\ $a How Pillingshot Scored -- The Odd Trick -- L'Affaire Uncle John (A Story in Letters) -- Harrison's Slight Error -- Bradshaw's Little Story -- A Shocking Affair -- The Babe and the Dragon -- The Manoeuvres of Charteris -- How Payne Bucked Up -- Author! -- 'The Tabby Terror' -- The Prize Poem -- Work -- Notes -- Now, Talking About Cricket-- -- The Tom Brown Question.
=506  \\ $a Public domain in the USA.
=516  \\ $a Text
=653  \\ $a Schools -- Fiction
=653  \\ $a Humorous stories
=830  \0 $a Project Gutenberg $v 6980
=856  40 $u http://www.gutenberg.org/ebooks/6980

