=LDR  01178nas  2200253uu 4500
=000  00568cam\a22001693a\4500
=001  6981
=003  PGUSA
=005  20161217030037.0
=008  041101s2004||||xxu|||||s|||||000\|\eng\d
=040  \\ $a PGUSA $b eng
=042  \\ $a dc
=050  \4$aQH
=100  1\ $a Jefferies, Richard, $d 1848-1887
=245  14 $a The Open Air $h [electronic resource] / $c Richard Jefferies
=260  \\ $b Project Gutenberg, $c 2004
=505  0\ $a Saint Guido -- Golden-brown -- Wild flowers -- Sunny Brighton -- The pine wood -- Nature on the roof -- One of the new voters -- The modern Thames -- The single-barrel gun -- The haunt of the hare -- The bathing season -- Under the acorns -- Downs -- Forest -- Beauty in the country -- Out of doors in February -- Haunts of the lapwing -- Outside London -- On the London road -- Red roofs of London -- A wet night in London.
=506  \\ $a Public domain in the USA.
=516  \\ $a Text
=653  \\ $a Country life
=653  \\ $a London (England) -- Description and travel
=653  \\ $a Natural history -- Outdoor books
=830  \0 $a Project Gutenberg $v 6981
=856  40 $u http://www.gutenberg.org/ebooks/6981

