=LDR  00719nas  2200229uu 4500
=000  00568cam\a22001693a\4500
=001  6983
=003  PGUSA
=005  20161217030037.0
=008  041101s2004||||xxu|||||s|||||000\|\eng\d
=040  \\ $a PGUSA $b eng
=042  \\ $a dc
=050  \4$aE011
=100  1\ $a Wilson, Edward Francis, $d 1844-1915
=245  10 $a Missionary Work Among the Ojebway Indians $h [electronic resource] / $c Edward Francis Wilson
=260  \\ $b Project Gutenberg, $c 2004
=506  \\ $a Public domain in the USA.
=516  \\ $a Text
=653  \\ $a Ojibwa Indians
=653  \\ $a Indians of North America -- Missions
=830  \0 $a Project Gutenberg $v 6983
=856  40 $u http://www.gutenberg.org/ebooks/6983

