=LDR  00816nas  2200277uu 4500
=000  00568cam\a22001693a\4500
=001  6985
=003  PGUSA
=005  20161217030037.0
=008  041101s2004||||xxu|||||s|||||000\1\eng\d
=040  \\ $a PGUSA $b eng
=042  \\ $a dc
=050  \4$aPR
=050  \4$aPZ
=100  1\ $a Wodehouse, P. G. $q (Pelham Grenville), $d 1881-1975
=245  12 $a A Prefect's Uncle $h [electronic resource] / $c P. G. Wodehouse
=260  \\ $b Project Gutenberg, $c 2004
=506  \\ $a Public domain in the USA.
=516  \\ $a Text
=653  \\ $a Humorous stories
=653  \\ $a Schoolboys -- Fiction
=653  \\ $a Cricket stories
=653  \\ $a Schools -- Fiction
=653  \\ $a Uncles -- Fiction
=830  \0 $a Project Gutenberg $v 6985
=856  40 $u http://www.gutenberg.org/ebooks/6985

