=LDR  00779nas  2200241uu 4500
=000  00568cam\a22001693a\4500
=001  6986
=003  PGUSA
=005  20161217030037.0
=008  041101s2004||||xxu|||||s|||||000\|\eng\d
=040  \\ $a PGUSA $b eng
=042  \\ $a dc
=050  \4$aQP
=100  1\ $a Steele, Joel Dorman, $d 1836-1886
=245  10 $a Hygienic Physiology : $b with Special Reference to the Use of Alcoholic Drinks and Narcotics $h [electronic resource] / $c Joel Dorman Steele
=260  \\ $b Project Gutenberg, $c 2004
=506  \\ $a Public domain in the USA.
=516  \\ $a Text
=653  \\ $a Alcohol -- Physiological effect
=653  \\ $a Hygiene
=653  \\ $a Physiology
=830  \0 $a Project Gutenberg $v 6986
=856  40 $u http://www.gutenberg.org/ebooks/6986

