=LDR  01002nas  2200277uu 4500
=000  00568cam\a22001693a\4500
=001  6988
=003  PGUSA
=005  20161217030037.0
=008  041101s2004||||xxu|||||s|||||000\|\eng\d
=040  \\ $a PGUSA $b eng
=042  \\ $a dc
=050  \4$aE011
=100  1\ $a Blackbird, Andrew J., $d 1810-
=245  10 $a History of the Ottawa and Chippewa Indians of Michigan : $b $b A Grammar of Their Language, and Personal and Family History of the Author $h [electronic resource] / $c Andrew J. Blackbird
=260  \\ $b Project Gutenberg, $c 2004
=506  \\ $a Public domain in the USA.
=516  \\ $a Text
=653  \\ $a Indians of North America -- Michigan
=653  \\ $a Blackbird, Andrew J., b. 1810
=653  \\ $a Ojibwa language -- Grammar
=653  \\ $a Ottawa language -- Grammar
=653  \\ $a Ottawa Indians -- Michigan
=653  \\ $a Ojibwa Indians -- Michigan
=830  \0 $a Project Gutenberg $v 6988
=856  40 $u http://www.gutenberg.org/ebooks/6988

