=LDR  00659nas  2200217uu 4500
=000  00568cam\a22001693a\4500
=001  6989
=003  PGUSA
=005  20161217030037.0
=008  041101s2004||||xxu|||||s|||||000\|\eng\d
=040  \\ $a PGUSA $b eng
=042  \\ $a dc
=050  \4$aDG
=100  1\ $a Pennell, Robert F.
=245  10 $a Ancient Rome : $b from the earliest times down to 476 A. D. $h [electronic resource] / $c Robert F. Pennell
=260  \\ $b Project Gutenberg, $c 2004
=506  \\ $a Public domain in the USA.
=516  \\ $a Text
=653  \\ $a Rome -- History
=830  \0 $a Project Gutenberg $v 6989
=856  40 $u http://www.gutenberg.org/ebooks/6989

