=LDR  00821nas  2200265uu 4500
=000  00568cam\a22001693a\4500
=001  6990
=003  PGUSA
=005  20161217030037.0
=008  041101s2004||||xxu|||||s|||||000\|\ger\d
=040  \\ $a PGUSA $b ger
=042  \\ $a dc
=050  \4$aPR
=100  1\ $a Shakespeare, William, $d 1564-1616
=245  10 $a Coriolanus $h [electronic resource] / $c William Shakespeare
=260  \\ $b Project Gutenberg, $c 2004
=500  \\ $a Text der Tragödie in der Übersetzung von Dorothea Tieck.
=506  \\ $a Public domain in the USA.
=516  \\ $a Text
=653  \\ $a Generals -- Drama
=653  \\ $a Rome -- Drama
=653  \\ $a Coriolanus, Cnaeus Marcius -- Drama
=653  \\ $a Tragedies
=830  \0 $a Project Gutenberg $v 6990
=856  40 $u http://www.gutenberg.org/ebooks/6990

