=LDR  01145nas  2200241uu 4500
=000  00568cam\a22001693a\4500
=001  6991
=003  PGUSA
=005  20161217030037.0
=008  041101s2004||||xxu|||||s|||||000\1\eng\d
=040  \\ $a PGUSA $b eng
=042  \\ $a dc
=050  \4$aPS
=100  1\ $a Porter, Eleanor H. $q (Eleanor Hodgman), $d 1868-1920
=245  10 $a Across the Years $h [electronic resource] / $c Eleanor H. Porter
=260  \\ $b Project Gutenberg, $c 2004
=505  0\ $a When father and mother rebelled -- Jupiter Ann -- The Axminster path -- Phineas and the motor car -- The most wonderful woman -- The price of a pair of shoes -- The long road -- A couple of capitalists -- In the footsteps of Katy -- The bridge across the years -- For Jimmy -- A summons home -- The black silk gowns -- A belated honeymoon -- When Aunt Abby waked up -- Wristers for three -- The giving thanks of Cyrus and Huldah -- A New England idol.
=506  \\ $a Public domain in the USA.
=516  \\ $a Text
=653  \\ $a Fiction
=653  \\ $a Short stories
=830  \0 $a Project Gutenberg $v 6991
=856  40 $u http://www.gutenberg.org/ebooks/6991

