=LDR  00677nas  2200217uu 4500
=000  00568cam\a22001693a\4500
=001  6992
=003  PGUSA
=005  20161217030037.0
=008  041101s2004||||xxu|||||s|||||000\|\eng\d
=040  \\ $a PGUSA $b eng
=042  \\ $a dc
=050  \4$aPR
=100  1\ $a Milne, A. A. $q (Alan Alexander), $d 1882-1956
=245  10 $a Belinda : $b An April Folly in Three Acts $h [electronic resource] / $c A. A. Milne
=260  \\ $b Project Gutenberg, $c 2004
=506  \\ $a Public domain in the USA.
=516  \\ $a Text
=653  \\ $a English drama -- 20th century
=830  \0 $a Project Gutenberg $v 6992
=856  40 $u http://www.gutenberg.org/ebooks/6992

