=LDR  00641nas  2200217uu 4500
=000  00568cam\a22001693a\4500
=001  6993
=003  PGUSA
=005  20161217030037.0
=008  041101s2004||||xxu|||||s|||||000\1\eng\d
=040  \\ $a PGUSA $b eng
=042  \\ $a dc
=050  \4$aPR
=100  1\ $a Shiel, M. P. $q (Matthew Phipps), $d 1865-1947
=245  14 $a The Lord of the Sea $h [electronic resource] / $c M. P. Shiel
=260  \\ $b Project Gutenberg, $c 2004
=506  \\ $a Public domain in the USA.
=516  \\ $a Text
=653  \\ $a Science fiction
=830  \0 $a Project Gutenberg $v 6993
=856  40 $u http://www.gutenberg.org/ebooks/6993

