=LDR  00952nas  2200289uu 4500
=000  00568cam\a22001693a\4500
=001  6994
=003  PGUSA
=005  20161217030037.0
=008  041101s2004||||xxu|||||s|||||000\1\fre\d
=040  \\ $a PGUSA $b fre
=042  \\ $a dc
=050  \4$aPQ
=100  1\ $a Hugo, Victor, $d 1802-1885
=245  10 $a Han d'Islande $h [electronic resource] / $c Victor Hugo
=260  \\ $b Project Gutenberg, $c 2004
=506  \\ $a Public domain in the USA.
=516  \\ $a Text
=653  \\ $a Norway -- History -- Christian IV, 1588-1648 -- Fiction
=653  \\ $a Political prisoners -- Fiction
=653  \\ $a Man-woman relationships -- Fiction
=653  \\ $a Suspense fiction
=653  \\ $a Murderers -- Fiction
=653  \\ $a Friendship -- Fiction
=653  \\ $a Christian IV, King of Denmark and Norway, 1577-1648 -- Fiction
=830  \0 $a Project Gutenberg $v 6994
=856  40 $u http://www.gutenberg.org/ebooks/6994

