=LDR  00989nas  2200241uu 4500
=000  00568cam\a22001693a\4500
=001  6995
=003  PGUSA
=005  20161217030037.0
=008  041101s2004||||xxu|||||s|||||000\1\eng\d
=040  \\ $a PGUSA $b eng
=042  \\ $a dc
=050  \4$aPS
=100  1\ $a Bangs, John Kendrick, $d 1862-1922
=245  10 $a Ghosts I Have Met and Some Others $h [electronic resource] / $c John Kendrick Bangs
=260  \\ $b Project Gutenberg, $c 2004
=505  0\ $a Ghosts that have haunted me -- The mystery of my grandmother's hair sofa -- The mystery of Barney O'Rourke -- The exorcism that failed -- Thurlow's Christmas story -- The Dampmere mystery -- Carleton Barker, first and second.
=506  \\ $a Public domain in the USA.
=516  \\ $a Text
=653  \\ $a United States -- Social life and customs -- 19th century -- Fiction
=653  \\ $a Ghost stories, American
=830  \0 $a Project Gutenberg $v 6995
=856  40 $u http://www.gutenberg.org/ebooks/6995

