=LDR  00963nas  2200301uu 4500
=000  00568cam\a22001693a\4500
=001  6996
=003  PGUSA
=005  20161217030037.0
=008  041101s2004||||xxu|||||s|||||000\|\ger\d
=040  \\ $a PGUSA $b ger
=042  \\ $a dc
=050  \4$aPR
=100  1\ $a Shakespeare, William, $d 1564-1616
=240  10 $a Romeo and Juliet. $l German
=245  10 $a Romeo und Julia $h [electronic resource] / $c William Shakespeare
=260  \\ $b Project Gutenberg, $c 2004
=506  \\ $a Public domain in the USA.
=516  \\ $a Text
=653  \\ $a Youth -- Drama
=653  \\ $a Conflict of generations -- Drama
=653  \\ $a Romeo (Fictitious character) -- Drama
=653  \\ $a Vendetta -- Drama
=653  \\ $a Juliet (Fictitious character) -- Drama
=653  \\ $a Verona (Italy) -- Drama
=740  0\ $a Romeo and Juliet. German
=830  \0 $a Project Gutenberg $v 6996
=856  40 $u http://www.gutenberg.org/ebooks/6996

