=LDR  00737nas  2200241uu 4500
=000  00568cam\a22001693a\4500
=001  6997
=003  PGUSA
=005  20161217030037.0
=008  041101s2004||||xxu|||||s|||||000\1\eng\d
=040  \\ $a PGUSA $b eng
=042  \\ $a dc
=050  \4$aPS
=100  1\ $a Wright, Harold Bell, $d 1872-1944
=245  14 $a The Winning of Barbara Worth $h [electronic resource] / $c Harold Bell Wright
=260  \\ $b Project Gutenberg, $c 2004
=506  \\ $a Public domain in the USA.
=516  \\ $a Text
=653  \\ $a Love stories
=653  \\ $a Western stories
=653  \\ $a Desert reclamation -- California -- Fiction
=830  \0 $a Project Gutenberg $v 6997
=856  40 $u http://www.gutenberg.org/ebooks/6997

