=LDR  00683nas  2200229uu 4500
=000  00568cam\a22001693a\4500
=001  6998
=003  PGUSA
=005  20161217030037.0
=008  041101s2004||||xxu|||||s|||||000\1\eng\d
=040  \\ $a PGUSA $b eng
=042  \\ $a dc
=050  \4$aPS
=050  \4$aPZ
=100  1\ $a Brown, Edna Adelaide, $d 1875-1944
=245  14 $a The Spanish Chest $h [electronic resource] / $c Edna Adelaide Brown
=260  \\ $b Project Gutenberg, $c 2004
=506  \\ $a Public domain in the USA.
=516  \\ $a Text
=653  \\ $a Jersey (Channel Islands) -- Juvenile fiction
=830  \0 $a Project Gutenberg $v 6998
=856  40 $u http://www.gutenberg.org/ebooks/6998

