=LDR  00636nas  2200217uu 4500
=000  00568cam\a22001693a\4500
=001  6999
=003  PGUSA
=005  20161217030037.0
=008  041101s2004||||xxu|||||s|||||000\|\eng\d
=040  \\ $a PGUSA $b eng
=042  \\ $a dc
=050  \4$aBV
=100  1\ $a Orr, Charles Ebert, $d 1861-1933
=245  10 $a How to Live a Holy Life $h [electronic resource] / $c Charles Ebert Orr
=260  \\ $b Project Gutenberg, $c 2004
=506  \\ $a Public domain in the USA.
=516  \\ $a Text
=653  \\ $a Christian life
=830  \0 $a Project Gutenberg $v 6999
=856  40 $u http://www.gutenberg.org/ebooks/6999

