=LDR  00547nas  2200205uu 4500
=000  00568cam\a22001693a\4500
=001  7000
=003  PGUSA
=005  20161217030037.0
=008  041101s2004||||xxu|||||s|||||000\p\fin\d
=040  \\ $a PGUSA $b fin
=042  \\ $a dc
=050  \4$aPH
=245  10 $a Kalevala $h [electronic resource]
=260  \\ $b Project Gutenberg, $c 2004
=506  \\ $a Public domain in the USA.
=516  \\ $a Text
=653  \\ $a Finnish poetry
=830  \0 $a Project Gutenberg $v 7000
=856  40 $u http://www.gutenberg.org/ebooks/7000

